2900 5086
545 425 694 543 'sot'
799 489 802 502 .

96 630 169 673 cem
192 611 284 691 Aquis
307 609 421 672 Locare
450 606 607 688 dsposuit,
633 605 670 672 *ul
698 604 769 666 inde
792 603 973 688 Regnarinm
1000 617 1199 670 suceessorum

94 717 254 767 sumantur
271 703 399 784 Imperia
417 699 470 760 ubi
487 699 563 760 tanti
581 695 722 782 principis
741 699 903 762 deliberata
926 699 1057 779 provisio
1076 702 1199 764 sanctis-

94 799 175 860 sima
196 819 297 858 eornm
318 793 417 876 posuit
434 793 645 853 Fundamenta.
934 859 936 864 ,

162 889 237 950 Cum
256 889 347 970 igitur
366 885 572 946 serenissimus
591 885 734 964 Princeps
751 885 877 946 Karolus
896 884 1037 946 Franciae
1056 886 1120 946 Rex
1137 887 1200 948 Ne·

94 1005 158 1064 pos
178 995 279 1043 noster
292 978 462 1041 Karissimus
482 980 519 1038 ad
533 979 688 1040 Honorem
707 989 767 1036 tant
779 978 958 1065 Excellentis
976 979 1064 1043 vestri
1076 979 1200 1040 Patroni

94 1089 133 1138 et
152 1073 285 1148 Domini,
305 1083 335 1132 et
353 1071 405 1132 snb
424 1071 514 1152 ipsius
534 1071 682 1132 Glorioais
700 1070 808 1132 Titulis
830 1070 1036 1134 honorabilem
1055 1073 1200 1152 quandam

93 1169 265 1232 Ecclesiam
287 1165 319 1224 in
343 1164 427 1224 Loco
450 1163 564 1246 Insigni
582 1164 680 1246 Regni
705 1165 750 1224 sui
773 1165 930 1240 Francius,
959 1165 1123 1248 Magnificis
1142 1165 1201 1226 iarn

93 1259 263 1323 Structuris
274 1259 375 1332 erexit,
390 1257 541 1336 ipsamque
551 1256 693 1332 Praediis,
711 1255 897 1334 Redditibus,
916 1269 947 1317 et
965 1257 1072 1319 divitiis
1092 1279 1200 1342 augere
1301 1265 1304 1293 ²
1365 1286 1369 1296 ·
1414 1329 1418 1336 ¹

94 1374 212 1434 magno
225 1351 391 1414 devotionis
397 1349 511 1410 ardore
525 1349 690 1426 continuat,
698 1349 885 1412 Fidelitatem
899 1361 1024 1412 vestram
1039 1349 1202 1412 affectuose

94 1447 278 1526 requirimus
303 1457 333 1504 et
351 1439 513 1504 Hortamur
539 1443 674 1522 quatinus
700 1443 950 1524 contemplatione
975 1444 1070 1504 nostri
1095 1445 1202 1523 quide

94 1539 192 1602 vestri
210 1539 295 1610 Fidei
315 1549 346 1598 et
364 1535 481 1600 Amoris
502 1533 677 1596 Constantia
696 1537 798 1596 crebra
817 1537 1057 1618 praesumptione
1076 1537 1202 1598 conlidi-
1306 1571 1311 1580 ι

94 1655 182 1707 mus,
200 1620 235 1691 ul.
251 1631 354 1691 habito
374 1629 522 1707 Respectu
541 1630 578 1689 ad
597 1628 761 1712 Flagrantis
780 1630 946 1690 devotionis
965 1628 1096 1712 Insiguia
1114 1649 1203 1712 prae-

96 1726 157 1788 fati
181 1723 331 1784 Karissimi
361 1721 456 1782 nostri
479 1721 621 1800 Nepotis,
652 1734 683 1784 et
713 1735 748 1782 ut
769 1723 950 1784 Venerabile
974 1725 1092 1786 Nomen
1116 1722 1203 1784 Beati

96 1817 206 1878 Karoli
230 1816 262 1875 in
287 1813 453 1878 confinibus
476 1813 648 1894 Regnorum
672 1815 797 1876 lametur
821 1813 969 1890 diffusius,
996 1816 1053 1876 sibi
1076 1815 1203 1895 aliquam

97 1922 218 1993 partem
237 1909 436 1988 Reliquiarum
457 1907 519 1966 eius
539 1926 662 1986 erogare
681 1908 792 1982 velitis,
819 1919 854 1968 ut
871 1909 1010 1970 videlicet
1032 1910 1127 1970 danda
1146 1906 1204 1968 sibi

97 2004 248 2087 particula
267 2003 342 2062 adeo
362 2002 541 2083 Largitatcm
565 1998 655 2060 animi
677 1999 766 2064 vestri
785 2001 924 2064 Testetur
949 2003 1029 2082 quod
1055 2013 1085 2062 et
1103 2002 1207 2062 Vestri

99 2098 229 2160 allectus
251 2115 338 2176 terga
362 2095 544 2154 Maiestatem
574 2103 705 2152 nostram
737 2095 920 2174 experiamur
950 2095 1144 2168 dulcedinem,
1173 2103 1204 2158 et
1280 2107 1283 2120 ·
1329 2147 1332 2155 ,

97 2189 312 2272 praeiactns³)
327 2187 498 2248 Karissimus
515 2188 617 2267 Nepos
632 2197 735 2246 noster
745 2187 982 2266 interpositione
994 2187 1099 2263 nostri,
1117 2206 1204 2266 quarn

98 2283 241 2356 facimus,
269 2282 306 2342 ad
325 2280 487 2342 Uberiores
506 2279 665 2362 gratiarum
684 2277 815 2340 actiones
837 2278 941 2356 nobis,
969 2280 1089 2362 cognita
1113 2278 1204 2373 animi

99 2371 255 2452 qualitate,
274 2373 424 2454 obligetur
443 2384 500 2436 etc.

387 2581 909 2696 Anmerkungem

166 2755 199 2832 ¹)
217 2754 277 2814 Die
307 2754 416 2815 beiden
440 2754 552 2836 obigen
577 2767 664 2816 uuter
695 2755 790 2816 dieser
812 2756 955 2816 Nummer
986 2753 1209 2836 mitgetbeilten

101 2846 301 2908 Aktensliicke
326 2847 392 2906 sind
417 2847 551 2906 entlehnt
575 2869 625 2907 aus
649 2849 704 2908 Jo.
728 2846 829 2908 Frtd.
852 2845 1055 2922 Schoenqt,
1091 2845 1205 2907 Vitrde·
1250 2905 1252 2913 ,

100 2941 180 3000 udae
197 2937 359 3011 literarioe,
382 2933 409 2994 lt.
429 2959 453 2996 e.
474 2951 596 3012 ueterem
613 2953 858 2998 mouumerttorum
875 2939 918 2998 ad
939 2941 1126 2999 Germaniam
1144 2942 1204 3000 Scr-

100 3051 186 3094 oram
197 3031 359 3106 praeciprue
374 3031 559 3103 montium
581 3029 716 3089 collectio
724 3031 775 3104 11,
794 3030 884 3090 Fata.
902 3044 929 3090 et
950 3032 1130 3107 Lips.1724‚
1150 3033 1204 3092 Iol.

101 3147 133 3206 p.
154 3129 306 3189 147.148.
342 3121 446 3203 Vergl.
467 3122 524 3181 den
542 3121 737 3181 Kommentar
752 3143 790 3181 zu
808 3123 905 3203 Kapit.
924 3123 1047 3183 XXXII.
1071 3125 1132 3183 und
1156 3125 1205 3184 die

101 3215 289 3298 Eiuleitung,
310 3215 341 3276 S.
353 3221 400 3279 to
429 3215 488 3274 Die
500 3213 701 3289 Handschrift,
720 3234 770 3274 aus
790 3215 842 3275 der
862 3215 1117 3276 dieAktenstiicke
1137 3227 1204 3278 ent·
1302 3267 1306 3278 .

101 3309 189 3372 lebnt
206 3309 282 3383 sind,
302 3307 411 3368 beiand
429 3306 492 3367 sich
509 3305 611 3368 friiher
629 3308 668 3366 im
687 3306 807 3367 Kloster
826 3329 864 3369 zu
882 3307 984 3372 Fulda.

165 3403 198 3480 ²)
217 3401 381 3461 Entwcder
399 3397 554 3462 montedo
574 3401 648 3483 oder
666 3397 836 3462 omnimodo.
859 3409 862 3418 '

166 3496 199 3575 ³)
219 3494 303 3582 Schr.
321 3495 485 3576 proefmus.

555 3710 755 3726 m

592 3893 713 3975 XCIII.

412 4022 599 4094 neptum
614 4022 747 4078 omn
763 4001 898 4088 mesni

107 4140 159 4192 qno
176 4119 346 4174 simoniacum
363 4123 504 4190 ingressum
519 4125 548 4178 in
566 4123 716 4195 Capitulum
734 4120 854 4176 ecclesiae
871 4120 1060 4188 Argentinensis
1076 4134 1155 4185 vetat,
1173 4142 1203 4176 ac

156 4222 291 4278 praecepta
307 4205 385 4260 tradit
402 4209 435 4259 de
451 4209 576 4261 electione
593 4207 720 4280 episcopi,
742 4222 820 4278 atque
836 4206 966 4259 redituum
983 4205 1107 4260 divisione
1117 4206 1152 4276 ¹).

163 4323 288 4384 Carolus
307 4322 470 4404 gratiaDei
489 4344 539 4382 rex
555 4323 746 4400 Francorum,
764 4324 810 4384 vir
828 4323 961 4396 inluster.
973 4361 1010 4372 -
1028 4320 1104 4382 Cum
1113 4301 1206 4384 Prin·¹
1288 4353 1293 4370 .

108 4416 203 4494 cipum
223 4437 256 4480 ac
277 4417 462 4482 defensorem
481 4417 669 4480 ecclesiarum
693 4439 748 4482 nos
772 4415 844 4478 iecit
861 4415 1023 4492 Dominus,
1045 4435 1084 4478 ne
1104 4409 1202 4498 gracie
