2960 5094
589 457 714 546 st,

70 620 188 680 ratium
206 635 341 693 remeas,
360 617 457 679 cerdis
477 613 571 678 oculis
590 617 724 693 confero,
743 615 857 698 oppidu
876 635 924 677 me
943 618 1078 682 athairsri
1090 637 1167 700 cep-

70 712 167 788 venit,
189 713 392 773 intemeratam
411 711 646 798 superfluamque
664 691 869 770 Excellentiae¹
880 719 949 772 tuae
967 713 1073 775 mentis
1092 733 1166 776 con·
1250 731 1253 742 ¹

70 805 219 883 stantiam,
247 817 279 867 et
297 803 439 866 ferientis
462 803 547 864 simul
567 797 721 878 allectum,
745 823 833 883 quem
857 805 935 866 circa
953 805 1014 866 Dei
1038 822 1167 868 amorem

71 899 183 960 eteius
203 899 345 980 principis
366 898 576 979 Apostolorum
601 897 778 957 incessanter
801 910 912 980 gestas,
939 900 1168 981 quoniam'lleo

69 993 163 1075 magis
183 1011 270 1073 quarn
289 992 457 1053 horninibus
476 990 575 1051 favere
593 987 706 1050 niteris.
735 988 822 1052 Unde
841 993 1026 1074 perspicuum
1042 1005 1096 1070 est,
1114 1009 1168 1057 ves

73 1105 153 1166 prae.
166 1086 304 1147 omnibus
323 1086 454 1168 Regibus
479 1097 510 1146 et
527 1083 704 1145 Potentibus
729 1082 785 1162 piis
803 1084 916 1162 pollere
936 1075 1170 1168 operationibuis,

71 1177 138 1257 quia
158 1176 295 1240 absumto
315 1179 435 1240 coelesti
453 1179 604 1258 triumpho
628 1177 708 1236 ultro
733 1187 780 1251 te,
809 1179 1044 1242 excellentissime
1069 1179 1120 1238 fili
1138 1187 1170 1239 et

69 1271 209 1350 spiritalis
230 1283 389 1354 compater,
409 1273 445 1333 ad
463 1271 647 1333 liberandam
665 1264 725 1328 last
743 1267 907 1362 Ecclesiam
926 1269 1091 1336 adhibuisti
1128 1273 1170 1332 Et

69 1364 153 1439 ideo,
172 1377 205 1425 ut
223 1366 316 1446 ipsum
336 1368 404 1448 pire
423 1363 605 1447 operationis
623 1373 737 1424 uestrae
757 1373 906 1422 certamen
926 1364 1170 1430 elicetuimsnci-

67 1469 175 1536 'petum
198 1459 304 1521 crebro
330 1478 384 1521 nos
404 1458 557 1542 congrmit,
583 1455 658 1517 sicut
680 1453 833 1515 liberatori
856 1455 947 1536 ipsius
968 1451 1092 1519 Sanctae
1110 1457 1171 1519 Dei
1198 1467 1202 1475 “

68 1549 222 1612 Ecclesiae
247 1563 278 1612 et
302 1554 363 1614 eius
382 1552 538 1634 peculiaris
558 1548 679 1632 populi,
706 1548 896 1628 Apostolieos
916 1547 1045 1631 dirigere
1065 1552 1177 1636 apices,

70 1641 201 1704 Primum
222 1646 353 1708 cronium
373 1647 471 1722 nobis,
488 1666 578 1726 super
595 1641 696 1704 omnia
714 1654 851 1703 nectarea
868 1643 974 1719 dulcia,
993 1641 1104 1704 exsistit
1119 1645 1171 1704 de·
1236 1701 1239 1708 .

72 1735 240 1799 siderabilia
260 1739 469 1820 Prosperltatis
492 1750 606 1801 restrae
632 1735 738 1819 gaudia
764 1735 930 1810 addiscere;
945 1735 1063 1814 ,deinde
1088 1755 1172 1811 vero,

73 1847 148 1906 quae
167 1843 286 1892 sanctae
301 1833 450 1894 Ecclesiae
461 1833 521 1894 Dei
542 1843 572 1892 et
590 1829 678 1890 nobis
698 1829 862 1890 consistunt
871 1830 1046 1906 necmsaria,
1065 1841 1173 1910 quanta

73 1922 153 1984 ocius
173 1923 325 2000 intimare,
349 1936 382 1984 ut
402 1944 490 2001 rere,
514 1922 754 1985 excellentissime
779 1921 837 1998 lili,
863 1934 894 1983 et
912 1933 1015 1983 noster
1033 1921 1172 2004 spiritalis

74 2027 243 2094 compater,
273 2035 414 2094 agnoscas
432 2035 496 2076 eon
514 2016 628 2096 p'ridem
647 2034 702 2096 per
720 2015 905 2096 Apostolicas
925 2015 1024 2076 literas
1042 2016 1174 2077 Eximie-

72 2107 124 2166 tati
143 2117 214 2167 tuae
225 2102 410 2180 innotuisse,
429 2117 503 2184 quae
522 2107 553 2164 in
572 2107 617 2166 lais
635 2105 767 2186 partibus
786 2127 802 2167 a
821 2108 978 2170 Desiderio
997 2109 1173 2192 Langobar-

73 2198 179 2258 dorum
204 2199 291 2281 Rege
314 2196 405 2276 impie
429 2208 549 2277 peraeta
579 2208 663 2272 sunt,
694 2210 780 2274 atque
810 2203 967 2262 crudeliter
995 2215 1172 2284 perpetrata.

73 2290 169 2373 Igitur
188 2292 258 2351 dtrrn
276 2303 337 2352 tam
357 2290 552 2372 perniciosam
568 2289 631 2349 eius
643 2289 848 2368 operationem
859 2311 1054 2368 cerneremus,
1073 2306 1174 2374 aptum

73 2385 293 2463 prospeximus,
316 2395 503 2464 praesentem
527 2381 726 2445 fidelissimum
750 2393 880 2442 vestrum
899 2381 1018 2443 illisam
1037 2385 1175 2445 liodber-

72 2488 139 2545 tum,
157 2475 205 2536 bic
225 2477 302 2557 apud
320 2497 374 2537 nos
395 2477 543 2552 detinere,
568 2485 710 2555 qualenam
736 2475 808 2556 quid
827 2487 933 2556 coepte
957 2475 1014 2536 iam
1038 2476 1091 2537 sati
1109 2477 1174 2538 Da-

75 2567 175 2630 siderii
194 2569 302 2652 Regis,
329 2570 376 2632 vel
395 2569 660 2652 Langobardorum
678 2569 784 2651 populi
801 2569 911 2630 malitia
931 2582 1063 2650 pareret,
1086 2589 1174 2651 prae-

76 2662 239 2723 sentialiter
257 2683 418 2744 agnoscens
437 2675 526 2744 atque
545 2661 742 2745 conspiciens,
759 2675 886 2725 vestram
905 2663 1062 2725 certiorem
1073 2661 1174 2724 reddi-

77 2755 164 2817 disset
181 2756 315 2816 eximiam
334 2755 586 2818 Praeeellentiam.
629 2756 766 2832 Etenim,
798 2757 874 2818 sicut
892 2756 1023 2837 pridem,
1054 2767 1175 2820 eece-et

77 2868 170 2927 nunc,
199 2845 408 2911 innotescimus
433 2851 537 2910 clleo
561 2859 692 2913 seruatae
710 2849 908 2912 Excellentiae
932 2862 1064 2927 vestrm,
1093 2851 1175 2932 qnod

78 2943 224 3020 praefatus
235 2939 500 3026 Langobardorum
510 2937 841 3024 Ilerl‘entapelensium
861 2963 916 3024 per
935 2944 1067 3007 civitates
1077 2957 1174 3026 maus-

79 3035 154 3114 iens,
180 3057 254 3117 quas
272 3037 308 3097 B.
328 3037 418 3098 Petro
444 3057 501 3118 pre
520 3057 627 3120 magna
646 3039 759 3098 animae
777 3050 892 3101 uestrae
910 3037 1047 3099 mercede
1067 3051 1174 3099 conta-

81 3125 157 3207 listis,
175 3129 261 3192 serre
281 3141 313 3191 et
330 3133 402 3213 igne
422 3130 520 3192 omnir
541 3141 600 3192 sata
621 3141 651 3191 et
669 3131 819 3209 universa,
839 3149 914 3213 quae
933 3133 971 3193 ad
989 3143 1098 3193 sumtus
1117 3132 1174 3190 be·
1279 3173 1288 3195 ι

83 3221 188 3284 minum
199 3223 359 3303 pertinent,
379 3223 551 3286 consumsit:
571 3223 671 3303 sicque
681 3223 870 3304 Spoletinum
881 3236 912 3284 et
922 3225 1175 3295 Beneventanum,

83 3316 128 3393 qui
150 3335 184 3380 se
211 3315 265 3376 seb
290 3327 387 3376 restra
405 3339 422 3378 a
441 3317 509 3378 Deo
528 3323 642 3376 seruata
660 3327 806 3395 potestate
826 3315 1031 3388 contulerunt,
1056 3311 1093 3372 ad
1110 3327 1173 3374 tne-

83 3425 168 3488 gnum
187 3403 319 3488 sp'rctum
338 3408 425 3489 regni
442 3408 531 3467 vestri
550 3407 702 3480 desolavit,
721 3417 808 3484 atque
827 3404 909 3466 ferte
929 3413 960 3466 ei
974 3405 1044 3488 igne
1064 3423 1174 3467 eorun-

84 3499 145 3560 dem
168 3499 338 3561 Decetumn
362 3494 429 3560 loce
455 3509 485 3560 et
514 3497 643 3558 civitates
669 3497 840 3574 devastarit,
870 3509 901 3558 et
928 3501 1173 3582 comprehensum

83 3591 220 3653 Albinum
238 3593 354 3654 Ducem
374 3591 576 3673 Spoletinum,
609 3603 728 3653 etcum
753 3613 790 3654 eo
810 3593 963 3673 Satrapes,
994 3594 1045 3673 qui
1064 3595 1097 3654 in
1116 3594 1174 3656 lide

85 3684 116 3744 B.
135 3687 217 3747 Petri
237 3699 268 3748 et
284 3675 381 3747 reema
399 3697 609 3746 sacramentum
627 3685 840 3766 praebuerunt,
859 3687 952 3748 infixis
969 3685 1002 3746 in
1021 3685 1070 3750 eis·
1082 3689 1174 3768 pessi-

85 3779 133 3839 mis
151 3779 331 3855 vulneribus,
351 3779 382 3840 in
401 3779 522 3843 vinculis
542 3779 663 3840 detinet

138 3874 403 3956 Appropinquante
422 3885 518 3936 autem
538 3893 575 3935 eo
594 3872 782 3949 Benevento,
803 3872 883 3934 illico
903 3873 970 3933 Dur
988 3874 1174 3937 Beneventa-

86 3985 139 4024 nus
158 3967 254 4049 iugam
275 3967 397 4047 arripuit
416 3967 446 4027 in
464 3965 677 4028 Otorantanarn
697 3966 853 4044 civitatem,
872 3977 903 4027 et
922 3965 1059 4030 durn'diu
1077 3963 1174 4028 immi-

49 4057 52 4062 '
86 4067 180 4133 acret,
196 4071 229 4120 ut
248 4080 282 4122 cr
300 4061 363 4144 ipsa
381 4079 432 4122 sua
451 4061 567 4122 civitate
587 4059 665 4121 exire
684 4062 810 4121 eundem
820 4059 934 4123 Ducem
953 4063 1099 4135 suaderet,
1118 4077 1174 4118 ne-

88 4169 228 4232 quaqnam
251 4155 282 4214 in
306 4173 344 4215 eo
369 4175 449 4214 suam
474 4153 634 4234 adimplens
656 4141 853 4230 voluntatem,
883 4156 1035 4218 constituit
1059 4153 1173 4212 Ducem

89 4243 172 4307 alium
190 4249 222 4308 in
242 4249 346 4309 eedem
365 4249 575 4310 Beneventano
594 4247 726 4324 Ducetu,
749 4249 871 4310 nemine
890 4249 997 4331 brigis.
1041 4249 1081 4307 Et
1098 4265 1173 4308 con-

89 4335 184 4400 iectim
208 4331 337 4424 dirigens
356 4340 511 4422 Neapolim
530 4339 607 4402 idem
625 4340 794 4403 Desiderius
813 4341 885 4418 ilex,
903 4340 1055 4402 seorsim
1074 4339 1173 4402 Geor-

92 4428 165 4510 gium
177 4434 363 4516 imperialem
372 4435 501 4512 Missum,
520 4436 571 4515 qui
589 4436 626 4496 ad
644 4453 697 4497 ros
716 4434 909 4496 infranciam
921 4433 1047 4497 directus
1065 4433 1175 4502 inerms
1265 4475 1272 4484 .
