2908 5094
586 436 588 446 “
719 445 851 538 ,ιιι

128 641 134 658 ’
252 616 381 694 Deoque
399 619 532 676 sacratae,
547 617 625 682 sunt,
645 603 751 681 aufert,
771 603 875 686 procul
896 601 987 692 dubio
1012 601 1200 686 sacrilegium
1222 601 1368 662 commit-

252 697 303 770 tit:
321 727 425 768 caecus
446 695 525 764 euim
545 713 589 763 est
608 698 658 780 qui
676 698 732 758 ista
751 717 814 758 non
832 695 921 760 ridet
970 688 1111 776 Quisquis
1130 715 1203 779 ergo
1224 695 1369 756 nostrum

198 833 205 844 ¹
227 857 231 866 .
253 823 317 864 suas
335 820 382 861 res
401 797 552 860 Ecclesiae
571 794 671 870 tradit,
689 790 822 852 Domino
842 789 911 851 Deo
929 789 993 851 illas
1014 789 1105 852 offert
1123 801 1212 870 atquc
1235 787 1371 863 dedicat,

200 887 205 898 ’
252 892 369 975 suisque
389 890 516 966 Sanctis,
535 897 566 948 et
584 907 647 947 non
666 885 762 960 alteri,
782 883 908 944 dicendo
927 883 1007 960 talia,
1027 895 1059 946 et
1077 883 1194 966 agendo
1214 881 1264 942 ita.
1301 881 1369 940 Fa-

144 977 148 1002 '
196 985 218 1064 ,’
253 989 294 1050 cit
314 987 392 1048 enim
412 984 585 1065 scripturam
607 981 643 1040 de
667 978 737 1060 ipsis
757 975 845 1038 rebus
872 996 943 1056 quas
964 977 1122 1037 Deo'dare
1142 975 1305 1050 desiderat,
1332 986 1369 1034 et

251 1082 344 1164 ipsam
362 1081 534 1160 scripturam
560 1093 659 1134 coram
671 1071 770 1132 ¹·altari
795 1081 845 1130 aut
864 1089 950 1150 supra
969 1081 1053 1131 tenet
1076 1071 1107 1130 in
1127 1089 1230 1144 manu,
1258 1068 1368 1128 dicens

251 1175 381 1237 eiusdem
405 1171 470 1233 loci
485 1165 694 1230 Sacerdotibus
719 1175 808 1243 atque
835 1161 1018 1225 custodibus:
1055 1163 1171 1246 Offm
1190 1161 1258 1223 Deo
1276 1175 1371 1242 atqu

251 1257 693 1341 dadimomummquocdoc
717 1243 907 1318 memma
931 1261 1367 1332 memmon-

250 1364 385 1428 mtsstsne
397 1369 583 1436 macrum
604 1371 733 1412 meorum
757 1369 794 1410 uc
807 1365 964 1426 pruscam
987 1365 1014 1410 st
1027 1351 1181 1432 fitiorum,
1198 1353 1273 1430 ¹(aut
1303 1369 1366 1430 pro
1446 1417 1447 1424 ἵ

253 1471 430 1534 quocunque
456 1449 521 1522 illas
540 1447 608 1506 Deo
629 1442 793 1504 deliberare
818 1443 961 1525 voluerit)
986 1442 1029 1506 od
1049 1441 1228 1527 sumendum
1251 1463 1293 1502 ecc
1316 1439 1367 1501 dis

153 1563 156 1580 ·
250 1545 317 1606 nas
335 1549 368 1605 s·
384 1541 538 1619 „suess
556 1535 775 1616 summusque
792 1536 953 1614 mssa,
971 1536 1165 1616 sammon,
1185 1537 1367 1612 amasses,

248 1659 410 1716 prosperum
428 1657 464 1697 oo
485 1635 664 1694 Glaricmm
681 1631 841 1706 admontis,
866 1644 894 1691 rt
915 1635 1016 1692 caeru
1033 1629 1137 1691 mats
1155 1628 1294 1708 ratfridus,
1314 1645 1364 1690 nt-

249 1755 305 1814 qus
327 1732 407 1794 illiers
430 1728 581 1790 Ecclesiae
602 1722 778 1786 utilitrstibsss.
828 1723 865 1784 Si
888 1727 953 1804 quis
977 1739 1072 1786 nutem
1095 1745 1145 1786 css
1168 1721 1252 1801 iude,
1280 1722 1368 1804 puori

240 1814 1363 1909 flntsottmmsmdo,abscutsts,sutpomsacstlsgttectocflo-

249 1923 328 1982 misto
346 1919 424 1996 Deo,
443 1919 492 1978 rui
510 1936 560 1976 cers
578 1913 684 1996 offam
702 1925 787 1991 utque
804 1907 920 1987 dedico,
945 1909 1168 1975 dammam
1183 1909 1289 1972 sudden
1306 1931 1363 1970 sur-

248 2017 348 2074 tiostss.
387 2008 593 2086 Ponit,etiam
617 2007 649 2066 in
677 2024 711 2066 ca
732 2003 801 2065 alias
822 2003 1056 2081 coniurationes,
1088 2025 1158 2084 quas
1185 2023 1363 2064 enumerare

123 2109 130 2124 ²
248 2107 373 2188 longum
392 2114 443 2164 est
481 2103 557 2163 Narn
578 2100 628 2182 qui
648 2119 696 2162 eas
715 2098 785 2159 indc
805 2109 909 2180 postea
929 2098 1040 2176 aufert,
1068 2097 1219 2188 quidagit
1237 2096 1293 2156 nisi
1312 2115 1364 2156 sa-

250 2195 423 2281 crilegium?
462 2195 496 2258 Si
523 2213 598 2279 ergo
627 2191 897 2274 amicoquippiam
924 2211 1029 2274 rapere
1050 2191 1159 2250 furtum
1179 2201 1231 2265 est,
1250 2187 1364 2249 Eccle-

205 2279 209 2292 ’
250 2291 400 2353 siae-vero
421 2288 551 2352 fraudari
569 2286 618 2348 vel
638 2285 747 2346 auferri
767 2283 969 2346 indubitanter
977 2284 1161 2368 sacrilegium
1179 2291 1231 2344 est
1264 2282 1364 2342 Unde
1447 2366 1450 2375 ⁴

249 2395 281 2446 ct
300 2384 332 2443 in
351 2383 439 2444 sacris
460 2379 632 2444 Canonibus
653 2376 766 2459 Spiritu
783 2375 844 2438 Dci
864 2377 1001 2454 conditis,
1020 2376 1147 2438 babetur
1164 2377 1219 2437 ita:
1238 2374 1275 2435 Si
1293 2377 1365 2455 quis
1447 2394 1453 2444 ;

209 2517 219 2542 t
248 2475 406 2538 obbrtfostss
428 2473 578 2534 Εοοῐσείιιο
604 2485 695 2532 cutm
719 2469 882 2532 Ecohsiam
913 2473 1044 2548 resipere
1073 2471 1119 2531 uel
1141 2469 1214 2531 deira
1238 2469 1364 2530 volumi!

243 2583 364 2647 pesam
381 2565 523 2644 Episcopi
541 2567 760 2640 metentium,
780 2565 826 2626 uel
842 2567 903 2626 sisu
921 2567 969 2625 cui
985 2563 1180 2626 tamem&
1196 2577 1264 2625 suut
1281 2563 1359 2644 offi-

248 2665 296 2724 oio
313 2662 478 2736 commissa,
502 2680 555 2720 nso
573 2679 638 2720 cum
656 2663 718 2720 eius
734 2659 855 2721 voleurit
873 2680 960 2736 agero
978 2659 1115 2736 eousilfo,
1139 2657 1291 2719 membrana
1308 2660 1357 2718 sit.
1447 2650 1451 2682 '³

249 2753 336 2814 Absit
360 2753 457 2827 enim,
479 2763 512 2811 ut
536 2771 635 2812 rerum
660 2751 920 2812 ecclesiasticarum
946 2751 1106 2832 cupiditate
1132 2751 1180 2812 vel
1205 2750 1357 2813 ablatione
1451 2743 1453 2780 ἶ

248 2845 394 2926 sacrilegii
414 2852 464 2904 aut
482 2845 637 2906 anathema
658 2844 828 2920 efficiamur,
848 2856 898 2905 aut
916 2839 1023 2906 talibu's
1036 2844 1146 2925 laqueis
1161 2865 1290 2925 unquam
1303 2845 1356 2905 de-

247 2937 424 3010 vinciamur3
445 2936 584 3017 quoniam
603 2939 708 3000 scimus
728 2939 930 3000 anathematos
949 2935 1101 3014 homines,
1120 2939 1167 2998 vel
1187 2937 1357 3021 sacrilegos,

249 3053 312 3093 non
331 3030 426 3092 solum
446 3029 580 3108 infames,
600 3044 631 3092 et
649 3041 666 3094 'a
686 3033 838 3094 consortio
860 3032 1002 3108 fidelium,
1022 3031 1191 3112 priusquam
1210 3033 1281 3092 baec
1300 3051 1358 3112 per

247 3125 397 3208 publicam
416 3123 644 3186 satisfactionem
664 3126 816 3188 Ecclesiae
837 3138 867 3188 ct
885 3125 1103 3207 Episcoporum
1116 3125 1356 3186 conciliationem

246 3237 408 3300 manusque
428 3217 649 3300 impositionem
670 3218 839 3294 emendent,
858 3219 972 3282 alienos
993 3239 1071 3296 esse,
1090 3219 1143 3280 sed
1163 3219 1250 3280 etiam
1270 3240 1286 3279 a
1305 3241 1355 3280 re-

248 3333 309 3394 gno
329 3314 388 3374 Dei
408 3324 538 3374 extorres
557 3311 639 3388 fieri,
658 3311 683 3372 si
708 3310 740 3370 in
759 3311 867 3373 talibus
888 3311 1067 3388 defecerint,
1092 3331 1155 3372 non
1182 3311 1354 3375 dubitamus.

248 3407 293 3463 Ut
311 3423 385 3484 ergo
406 3408 501 3467 omnis
521 3406 649 3486 suspicio
675 3427 692 3466 a
718 3405 806 3468 nobis
827 3407 938 3469 cunctis
959 3405 1184 3481 Sacerdotibus,
1209 3417 1239 3466 ct
1258 3407 1355 3467 omni-

247 3498 301 3557 bus
323 3494 434 3556 Christi
453 3508 484 3556 et
501 3510 619 3557 sanctae
639 3499 780 3560 ecclcsiae
799 3499 934 3561 fidelibus
954 3499 1084 3561 funditus
1104 3497 1262 3576 auferatur,
1281 3519 1354 3580 pro-

159 3668 161 3673 ·
246 3590 363 3650 fitemur
382 3609 495 3665 omnes,
514 3589 634 3669 stipulas
655 3591 760 3650 dextris
780 3591 811 3650 in
830 3593 964 3654 manibus
983 3603 1119 3653 tenentes
1150 3612 1257 3674 easque
1282 3613 1355 3672 pro-

246 3681 317 3764 priis
339 3702 355 3742 e
374 3682 509 3744 manibus
529 3681 694 3756 eiicientes,
715 3703 814 3743 coram
834 3684 903 3746 Deo
924 3695 954 3746 et
973 3684 1087 3768 angelis
1107 3684 1184 3764 eius,
1211 3707 1248 3747 ac
1265 3685 1353 3746 vobis

246 3775 415 3854 cunctisque
436 3775 645 3837 Sacerdotibus
666 3787 696 3836 et
715 3775 839 3858 populis.
852 3777 1124 3858 circumstantibus,
1143 3799 1199 3839 nec
1219 3779 1287 3839 talia
1306 3777 1354 3839 fa-

224 3881 325 3944 ·eere,
343 3887 401 3928 nec
420 3867 519 3930 facere
538 3869 706 3933 volentibus
726 3869 905 3946 consentire,
924 3871 976 3932 scd
994 3874 1087 3956 magis
1107 3873 1176 3934 Deo
1196 3872 1353 3932 auxiliante

245 3961 389 4024 resistere.
428 3961 469 4022 Et
487 3963 545 4023 hoc
563 3964 649 4025 vobis
670 3962 866 4042 omnibusque
886 3962 1021 4028 fidelibus
1041 3979 1159 4030 sanctae
1169 3965 1227 4026 Dei
1244 3963 1353 4026 Eccless
1377 3959 1389 3982 ⁸

244 4057 315 4133 siae,
334 4068 365 4118 et
384 4055 502 4133 nostris,
521 4067 626 4120 notum
646 4077 707 4118 csse
727 4057 875 4138 cupimus,
900 4059 981 4137 quod
1006 4081 1072 4122 cum
1098 4062 1143 4123 bis
1169 4060 1219 4141 qui
1239 4058 1353 4140 absque

157 4143 160 4150 ’
245 4151 396 4214 voluntate
416 4160 467 4218 aut
485 4167 630 4211 consensu
648 4149 696 4212 vel
717 4150 836 4211 datione
854 4151 980 4213 rectoris
1006 4153 1083 4216 illius
1102 4153 1271 4229 Ecclesiae,
1298 4171 1353 4214 cu-

246 4233 391 4322 ins‘ipsae
414 4263 461 4304 res
485 4243 559 4304 iuste
586 4261 649 4304 esse
669 4241 832 4319 debentur,
860 4254 891 4304 et
913 4243 1036 4312 mamme
1060 4247 1176 4330 proprii
1199 4245 1356 4326 Episcopi,

246 4353 294 4394 res
312 4335 463 4400 Ecclesiae
483 4357 499 4398 a
519 4335 649 4420 Regibus
668 4346 772 4418 petere
792 4347 843 4398 aut
860 4349 1021 4417 retentare,
1039 4339 1086 4403 vel
1105 4339 1215 4412 auferri
1233 4350 1285 4400 aut
1302 4338 1353 4400 in-

245 4427 365 4506 vadere,
382 4429 431 4492 vel
449 4441 564 4494 vastare
583 4428 822 4528 praesumserint,
840 4450 896 4494 nec
908 4430 940 4493 in
952 4430 1068 4497 bostem
1087 4453 1145 4498 nec
1163 4433 1200 4496 ad
1219 4451 1354 4517 pugnam
