2960 5094
728 463 735 478 .
801 411 860 482 00

466 573 542 643 lisam
559 603 606 657 ego
624 589 656 642 de
673 587 747 641 coslo
765 587 902 642 ducentem
918 585 1002 642 sidera
1017 585 1078 650 eidi,

514 671 642 728 Fluminis
658 691 689 726 ac
705 671 790 742 rapidi
806 673 920 726 carmine
936 673 1010 726 vertit
1023 671 1079 726 iter.
1186 677 1189 686 '

359 787 361 794 ·
426 793 431 806 ·
466 760 539 814 llaec
555 771 632 811 cantu
648 757 775 830 finditque
791 756 889 821 solum,
912 775 1053 828 manesque
1068 755 1191 827 sepulcris

514 841 593 894 Elicit
610 855 636 894 et
651 841 739 912 tepido
757 842 863 894 devorat
880 861 937 896 osss
952 861 1027 909 rogo.

467 925 536 982 Cum
551 926 632 990 lubet,
649 927 713 979 bace
729 925 794 978 tristi
810 925 915 996 depellit
931 927 1022 978 nubila
1039 926 1120 987 caelo,

516 1009 584 1067 Cum
600 1013 680 1074 lubet,
699 1011 792 1064 restim
811 1023 937 1064 convocat
953 1009 1018 1063 orbe
1034 1008 1113 1074 nives,
1130 1022 1178 1062 stc.

295 1095 298 1104 ’
341 1113 454 1176 Omnes
472 1111 528 1172 bae
547 1111 769 1192 superstitiones
789 1119 820 1170 et
838 1109 997 1192 paganica,
1017 1129 1092 1188 quae
1110 1119 1245 1188 tempore
1266 1107 1299 1168 S.
1317 1107 1383 1169 llo-

283 1205 383 1268 nilacii
401 1206 433 1266 in
451 1227 504 1266 usu
524 1216 617 1280 eraut,
636 1204 672 1264 ab
693 1203 798 1264 eodem
816 1201 848 1260 in
866 1202 981 1284 synodo
992 1199 1165 1276 DCCXLII
1182 1201 1293 1278 habita,
1312 1214 1383 1264 sunt

282 1299 502 1362 condemnatae.
551 1301 592 1360 Et
617 1297 687 1358 licet
710 1295 859 1358 Ecclesiae
884 1295 1025 1356 antistites
1055 1293 1087 1354 in
1111 1293 1292 1356 eradicandis
1318 1296 1382 1356 eius

282 1393 364 1456 modi
388 1391 524 1458 abusibus
547 1388 649 1470 vigiles
668 1387 728 1448 sint
747 1399 778 1448 et
795 1388 918 1450 maxime
942 1387 1078 1463 solliciti,
1108 1399 1263 1448 remanent
1281 1399 1380 1448 tamen

281 1485 314 1546 in
334 1484 470 1549 cordibus
489 1481 700 1564 malevolorum
718 1479 795 1542 baud
814 1501 907 1561 pauca
927 1481 1087 1542 eorundem
1108 1479 1240 1562 vestigia.
1270 1480 1380 1542 Rema-

282 1578 396 1645 nebunt
411 1577 538 1644 triticum
558 1583 589 1640 et
607 1573 719 1637 zizania
738 1593 830 1656 usqne
848 1573 887 1638 ad
905 1585 1020 1655 tempus
1039 1572 1148 1636 messis.

776 1939 887 2013 XVll.

313 2067 524 2138 exemplar
550 2065 751 2138 nprssorae
776 2065 895 2122 rcum
916 2065 1049 2134 rapsa
1079 2061 1132 2117 ιι
1152 2062 1346 2120 domans

278 2151 420 2224 Pippinnrn
436 2152 531 2220 llsgem
555 2173 603 2226 per
619 2151 756 2219 Langbard
779 2153 903 2218 directae,
928 2150 957 2203 in
981 2167 1030 2218 qua
1056 2147 1219 2200 continentur
1241 2147 1380 2211 matianum

279 2235 405 2302 actiones,
427 2251 452 2292 ct
473 2237 619 2292 uberrimae
639 2236 834 2292 benedictiones
855 2255 905 2305 pro
923 2232 973 2285 vita
991 2245 1016 2284 et
1030 2230 1207 2285 incolumitate
1221 2229 1314 2299 ipsius,
1337 2233 1383 2286 vel
1462 2297 1463 2301 Ἰ

280 2322 379 2376 domini
397 2319 486 2376 Garuli
503 2337 529 2376 et
546 2321 727 2384 carlomanni,
743 2317 905 2374 nobilissimis
921 2315 1007 2370 liberis
1025 2315 1091 2380 eius,
1113 2317 1202 2370 volens
1218 2312 1381 2385 adjutorium

279 2405 396 2479 obtinere
413 2427 473 2462 curn
487 2407 574 2460 multis
592 2403 796 2460 adiurationibns
813 2413 904 2454 cuntrn
920 2400 1111 2468 Langobardos.
1140 2401 1175 2454 Et
1190 2398 1217 2452 in
1234 2398 1381 2456 Embolntn
1459 2389 1463 2403 ¹

279 2494 427 2545 continetur
443 2491 626 2566 Praeceptum,
650 2489 721 2558 quod
740 2483 845 2537 Marino
861 2483 1015 2558 Presbytero
1034 2487 1136 2550 direxit,
1153 2487 1186 2540 de
1202 2484 1278 2538 titulo
1296 2483 1381 2558 Cbry·
1460 2489 1464 2547 ξ’

545 2569 650 2636 seponi,
665 2583 693 2624 et
709 2570 742 2623 de
758 2567 830 2624 libris
848 2590 912 2642 quos
930 2570 953 2625 ei
968 2570 1112 2626 transmisit

334 2707 457 2768 Domno
478 2703 719 2766 excellentissimo
739 2703 801 2764 filio
823 2714 853 2763 et
871 2715 974 2764 nostro
994 2701 1117 2784 spiritali
1132 2703 1286 2784 compatri,
1305 2703 1379 2783 Pip·
1462 2774 1466 2785 Ι

277 2799 351 2880 pino
376 2798 454 2879 llegi
478 2798 675 2872 Francorum,
705 2807 737 2856 et
760 2795 891 2857 Patricio
914 2795 1132 2872 Romanorum,
1162 2797 1269 2858 Paulus
1287 2797 1379 2878 Papa.

128 2925 138 2954 t
170 2901 173 2908 ’
276 2890 445 2972 Properans
465 2890 501 2950 ad
520 2909 575 2949 nos
592 2887 742 2949 literarum
759 2898 958 2966 transvector,
981 2888 1140 2972 Langbard
1157 2890 1283 2966 seilicet',
1308 2887 1379 2950 illu-

278 2983 345 3046 stris
363 2983 423 3058 air,
452 2981 546 3043 fidelis
565 2982 745 3044 Eximietatis
764 2993 878 3044 vestrae
898 2983 1017 3059 Missus,
1046 2983 1150 3044 detulit
1167 2984 1255 3044 nobis
1275 2995 1378 3047 necta-

276 3097 357 3140 ream
377 3087 465 3158 atque
484 3075 653 3158 florigeram
672 3097 689 3136 a
708 3076 776 3136 Deo
796 3085 949 3155 protectae
965 3074 1166 3136 Excellentiae
1185 3089 1297 3138 vestrae
1316 3076 1377 3158 syl-

216 3206 225 3224 ·
276 3171 408 3233 labarum
432 3167 617 3246 relationem.
662 3167 754 3248 Cujus
778 3169 917 3230 adnexam
941 3167 1078 3250 pagiuam
1103 3169 1281 3231 enucleatius
1306 3191 1379 3251 per-

277 3275 454 3340 scrutantes,
484 3281 559 3344 quse
582 3272 675 3323 textus
699 3259 760 3322 eius
784 3261 963 3342 loquebatur
982 3261 1018 3321 ad
1037 3260 1152 3343 singula
1172 3263 1379 3343 comperimus.

277 3354 315 3413 In
335 3355 403 3434 ipsis
424 3357 532 3434 quippe
545 3353 738 3416 sublimitatis
756 3365 870 3416 vestrae
890 3354 1028 3416 affatibus
1048 3353 1269 3416 desiderabilem
1289 3357 1378 3418 nobis

277 3454 309 3508 ct
331 3463 419 3524 super
443 3445 543 3504 omnia
560 3447 737 3509 huiusmodi
747 3445 959 3514 delectamenta
982 3447 1202 3530 amplexabilem
1228 3448 1379 3527 sospitatis

276 3547 391 3600 vestrae
410 3535 549 3599 laetitiam
569 3550 775 3618 agnoscentes,
793 3539 932 3601 uberiore
952 3540 1046 3602 nostri
1065 3537 1154 3599 animi
1171 3550 1291 3602 ovantes
1303 3562 1379 3623 gau-

278 3633 345 3707 dio,
363 3629 485 3692 maxime
504 3647 600 3690 sumus
619 3631 754 3707 relaxati,
777 3631 808 3690 in
828 3631 858 3690 id
879 3634 958 3712 quod
978 3631 1079 3713 o'ptata
1098 3633 1192 3692 nostri
1210 3636 1379 3718 promerui-

226 3709 237 3738 '
276 3745 340 3784 mus
361 3724 525 3814 comperire
547 3721 652 3784 cordis.
680 3725 720 3783 Et
737 3725 925 3803 postmodum
945 3724 1052 3786 nostris
1072 3745 1089 3785 a
1107 3725 1289 3788 vestrisDeo
1309 3727 1379 3788 imi-

75 3838 80 3847 ·
170 3799 181 3827 *¹
275 3813 416 3878 tabilibns
435 3815 563 3898 vestigiis
583 3814 799 3878 revertentibus
816 3815 910 3877 Missis
931 3829 961 3878 et
981 3837 1015 3879 ea
1035 3818 1097 3900 ipsa
1116 3830 1230 3880 vestrae
1249 3840 1377 3900 prospe-

277 3909 370 3972 sitatis
390 3907 496 3989 gandia
516 3909 681 3973 deierantes
700 3931 717 3970 a
735 3908 820 3971 vobis
831 3908 862 3966 in
875 3911 1031 3989 responsis,
1049 3912 1166 3995 gemina
1178 3912 1377 3973 exsultationis
1466 3927 1467 3956 ³

277 3999 442 4066 iocunditas
461 4012 565 4062 nostro
584 4001 693 4064 inserta
712 4013 757 4063 est
775 4000 868 4063 cordi.
898 4000 973 4062 Nam
994 4015 1025 4064 et
1042 4005 1111 4065 dum
1129 4005 1161 4064 in
1181 4004 1298 4066 auribus
1311 4026 1377 4066 om-
1466 4055 1467 4064 ,

276 4099 321 4159 uis
340 4093 533 4158 Sacerdotum
554 4089 650 4171 Cleri,
671 4096 758 4157 ctiam
778 4094 977 4176 Optimatum,
1001 4107 1032 4156 et
1047 4098 1156 4179 reliqui
1174 4098 1293 4179 populi,
1312 4118 1376 4158 am-

276 4189 366 4268 pliata
384 4197 479 4252 vestra
497 4186 674 4248 insonuisset
696 4187 898 4268 prosperitatis
925 4187 1050 4266 laetitia,
1081 4202 1112 4252 et
1138 4211 1172 4251 ex
1197 4191 1256 4253 boc
1280 4192 1376 4252 nimio
1466 4255 1467 4262 ,

277 4283 385 4364 gaudio
405 4281 512 4364 repleti
532 4279 722 4366 gratulantes,
741 4281 919 4342 exsultarunt
936 4301 995 4343 una
1014 4283 1167 4346 nobiscum
1185 4283 1218 4343 in
1230 4283 1379 4362 Domino,
1466 4319 1467 4346 l

277 4372 375 4459 agnita
394 4375 531 4441 nimirum
549 4373 663 4457 proprii
681 4386 750 4458 post
767 4374 866 4439 Deum
885 4375 1048 4440 defensoris
1073 4377 1221 4458 sospitate.
1264 4378 1378 4457 Porro,
1466 4417 1467 4464 ,
