2890 5092
68 605 176 666 scribo
202 615 324 686 propter
349 605 468 666 nimiam
494 603 754 664 dissimilitudinem
777 592 897 665 nostrae
922 617 951 666 et
974 607 1177 671 Romanorum

67 699 242 759 cantilenae
262 718 324 758 nou
343 699 410 758 satis
431 697 526 757 adhuc
545 697 672 771 credam,
690 697 745 756 nisi
766 699 833 778 quia
849 709 963 778 patrum
975 699 1093 761 ueritati
1112 702 1183 784 plus¹

67 792 256 854 credendum
277 802 331 865 est,
351 810 438 868 quam
463 789 623 849 modernae
648 788 778 869 ignaviae
804 789 930 854 falsitati.
973 791 1069 872 Igitur
1091 793 1177 854 inde-

68 885 167 946 fessus
190 885 304 946 divinae
324 882 439 944 virtutis
459 893 572 969 amator
590 881 726 956 Karalus,
744 883 805 943 voti
820 884 864 944 sui
884 897 1064 964 compotem,
1084 907 1178 966 quan-

68 989 135 1037 tum
158 977 225 1037 fieri
245 977 353 1056 potuit,
372 975 404 1034 in
423 974 571 1034 literarum
590 973 715 1034 scientia
735 972 873 1036 eflectum
891 998 922 1038 se
936 979 1109 1059 gratulatus,
1127 981 1178 1040 sed
1259 1001 1264 1012 “
1310 1024 1312 1036 r

70 1071 180 1132 adbuc·
196 1090 298 1130 omnes
309 1067 486 1147 provincias,
504 1067 594 1128 immo
612 1067 751 1149 regiones
770 1066 818 1127 vel
837 1069 978 1148 civitates,
997 1073 1028 1132 in
1044 1073 1179 1136 laudibus

68 1165 195 1240 divinis,
214 1164 273 1225 hoc
295 1160 387 1221 estin
407 1159 571 1220 cantilenae
595 1157 863 1236 modulationibus,
884 1162 920 1222 ab
941 1165 1066 1227 invicem
1086 1168 1179 1228 disso.

68 1277 146 1317 nare
169 1254 345 1336 perdolens,
369 1273 385 1313 a
404 1253 509 1313 beatae
528 1253 688 1314 memoriae
709 1253 862 1333 Stephano
882 1275 974 1334 papa,
999 1259 1065 1338 qui,
1085 1261 1179 1342 depp-

12 1413 13 1416 ,
67 1353 131 1412 sito
155 1361 188 1411 et
207 1347 356 1409 decalvato
381 1346 568 1428 ignavissimo
594 1347 777 1406 Francorum
800 1366 873 1430 rege
897 1349 1064 1428 Hilderico‚
1091 1373 1123 1414 se
1142 1353 1182 1414 ad

56 1445 166 1527 .regni
191 1441 387 1524 gubernacula
412 1441 599 1521 antiquorum
631 1451 746 1520 patrum
769 1445 861 1502 'more
885 1442 1036 1531 perunxit,
1067 1445 1181 1525 aliquos
1279 1503 1285 1512 ,

69 1537 239 1616 carminum
259 1535 426 1596 divinorum
445 1534 635 1614 peritissimos
656 1532 779 1593 clericos
798 1535 957 1614 impetrare
976 1536 1097 1596 curavit.
1118 1538 1181 1612 Qui

70 1632 176 1692 bonae
205 1629 281 1690 illius
310 1627 470 1690 voluntatis
500 1639 530 1687 et
558 1625 660 1688 studiis
690 1627 827 1688 divinitus
857 1627 1004 1708 inspiratis
1033 1649 1181 1690 assensum

71 1722 240 1804 praebens,
268 1721 428 1781 secundum
457 1739 610 1782 numerum
633 1721 789 1782 duodecim
820 1720 1020 1799 apostolorum
1051 1721 1087 1792 de
1112 1724 1182 1784 sede
1249 1750 1251 1758 ’

71 1815 241 1896 apostolica
262 1815 416 1876 duodecim
437 1812 560 1875 clericos
581 1814 763 1876 doctissimos
784 1813 946 1876 cantilenae
967 1815 1083 1876 adeum
1103 1817 1182 1877 dire-

71 1909 114 1968 xit
134 1908 169 1967 in
188 1908 350 1968 Franciam.
388 1905 542 1966 Franciam
561 1927 632 1968 vcro
657 1906 805 1966 interdum
832 1924 902 1968 cum*
917 1893 1127 1986 nominarem,
1147 1931 1183 1970 o-

71 2023 160 2062 mnes
182 2001 335 2080 cisalpinas
354 2000 520 2079 provincias
539 1998 689 2082 significo;
715 2000 781 2078 quia
806 2000 881 2060 sicut
903 2001 1044 2081 scriptum
1070 2014 1126 2063 cst:
1151 2007 1184 2062 in

72 2094 122 2157 dte
141 2095 200 2154 illu
218 2090 430 2172 apprehendent
446 2089 540 2151 docem
558 2095 615 2149 viai
637 2113 678 2150 aar
702 2091 831 2153 orandun
848 2091 956 2168 linge&
971 2099 1098 2170 gentium
1106 2097 1184 2176 fine·-

71 2188 173 2250 brinm
190 2191 246 2248 nisi
263 2187 419 2263 Iudaei¹),
438 2185 470 2243 in
489 2183 541 2244 illo
558 2195 693 2264 ternpore
708 2197 832 2263 propter
852 2187 1050 2248 excellentiam
1070 2190 1194 2272 glorio,
1216 2191 1218 2206 '

75 2283 187 2343 sissimi
205 2282 308 2341 Karoli
329 2291 359 2340 et
379 2277 510 2338 Galliet
529 2275 685 2356 Aquitani,
704 2275 801 2336 Aedui
820 2288 851 2336 et
869 2277 1009 2356 Hispani,
1028 2280 1186 2340 Alamanni

75 2389 109 2436 ec
128 2375 261 2437 Baioarii
280 2394 343 2433 non
362 2391 465 2450 parum
486 2390 516 2431 se
535 2369 691 2451 insignitos
712 2367 930 2449 gloriabantur,
956 2369 980 2427 si
997 2371 1045 2430 vel
1064 2373 1186 2432 nomine

75 2469 265 2527 Francorum
285 2484 436 2525 servorum
455 2464 570 2523 censeri
589 2473 784 2524 mererentur.
812 2513 815 2520 .
831 2461 907 2522 Cum
919 2539 921 2546 Ι
933 2482 1005 2544 ergo
1026 2462 1198 2543 supradicti,

78 2559 189 2621 clerici
208 2559 303 2618 Roma
323 2557 557 2640 digrederentur,
575 2568 609 2615 ut
627 2575 742 2634 semper
762 2575 863 2616 omnes
881 2554 990 2616 Graeci
1011 2568 1041 2616 et
1059 2557 1188 2620 Romani

80 2653 194 2714 invidia
213 2653 395 2712 Francorum
420 2649 533 2730 gloriae
553 2647 764 2729 carpebantur,
793 2647 939 2708 consiliati
962 2661 1030 2709 sunt
1048 2651 1127 2712 inter
1146 2672 1188 2728 se,

82 2748 237 2827 quomodo
261 2745 302 2805 ita
328 2754 444 2803 cantum
467 2742 580 2804 variare
605 2741 784 2821 potuissent,
809 2753 842 2800 ut
866 2763 1016 2822 nunquam
1041 2745 1138 2804 unitas
1158 2756 1189 2804 et

84 2839 281 2900 consonantia
307 2839 368 2898 eius
392 2838 424 2894 in
449 2855 544 2918 regno
565 2847 596 2896 et
613 2831 765 2915 provincia
785 2855 846 2894 non
867 2857 917 2895 sua
937 2834 1086 2897 lateretur.
1124 2839 1188 2897 Ve-

82 2934 201 2993 nientes
221 2945 317 2991 autem
338 2931 374 2989 ad
383 2928 537 3002 Karolum,
555 2928 718 2988 honorilice
738 2928 875 3007 suscepti,
895 2940 925 2988 ct
944 2930 981 2988 ad
1000 2931 1189 3008 praeminen-

82 3028 193 3088 tissima
213 3025 279 3086 loca
300 3021 437 3104 dispersi,
463 3032 493 3081 et
517 3019 624 3101 singuli
647 3021 679 3080 in
703 3021 775 3080 locis
800 3019 921 3101 singulis
948 3021 1140 3084 directissime
1159 3034 1190 3082 et

85 3143 175 3200 qnam
200 3117 417 3198 corruptissime
441 3125 582 3198 poterant
609 3113 790 3194 excogitare,
821 3123 851 3171 et
881 3112 935 3192 ipsi
961 3133 1067 3174 canere
1094 3126 1124 3173 et
1148 3115 1189 3173 sic

84 3215 158 3274 alios
181 3214 288 3272 docere
307 3209 490 3271 laborabant.
517 3207 594 3268 Cum
614 3227 685 3268 vero
706 3205 955 3290 ingeniosissimus
967 3206 1092 3264 Karolus
1113 3225 1189 3284 quo-

86 3307 153 3366 dam
182 3326 260 3365 anno
292 3303 462 3363 iestivitates
488 3302 646 3361 nativitatis
679 3311 709 3359 et
741 3297 933 3378 apparitionis
957 3295 1190 3378 Domini*apud

82 3399 274 3461 'Treverense
299 3397 346 3456 vel
366 3397 511 3454 Mettense
539 3394 680 3473 oppidum
700 3389 890 3467 celebrasset,
912 3401 942 3450 et
960 3389 1191 3473 vigilantissime,

87 3493 147 3554 imo
169 3490 350 3565 acutissime,
374 3488 432 3550 vim
459 3487 618 3546 carminum
644 3484 885 3566 deprehendisset
912 3484 959 3545 vel
979 3483 1077 3564 potius
1096 3505 1190 3564 pene-

87 3597 203 3660 trasset,
221 3584 355 3663 sequenti
375 3602 447 3643 vero
467 3601 546 3640 anno
573 3581 687 3640 easdem
711 3578 911 3638 solemnitates
931 3577 1035 3637 Parisii
1060 3579 1107 3638 vel
1126 3577 1190 3639 Tu-

88 3680 170 3740 ronis
191 3690 308 3760 ageret,
333 3690 363 3738 et
384 3675 459 3736 nihil
484 3675 560 3736 illius
580 3673 647 3734 soni
667 3672 808 3747 audisset,
835 3692 922 3751 quem
947 3669 1041 3750 priori
1060 3691 1139 3732 anno
1159 3671 1192 3732 in

88 3773 259 3851 supradictis
280 3771 352 3831 locis
373 3781 506 3850 expertus
527 3768 635 3842 luerat,
663 3766 714 3825 sed
739 3777 769 3824 et
791 3765 857 3825 illos
883 3785 957 3843 quos
982 3763 1019 3824 ad
1045 3763 1100 3824 alia
1125 3760 1191 3826 loca

87 3865 248 3942 direxerat,
273 3887 338 3926 cum
362 3876 497 3944 ternpore
517 3861 698 3941 procedente
719 3858 755 3918 ab
776 3851 900 3919 invicem
920 3857 1087 3918 discordare
1104 3879 1190 3916 ¹com-

91 3959 224 4036 perisset‚
244 3971 360 4018 sanctae
381 3954 594 4019 recordationis
614 3953 711 4012 Leoni
731 3971 835 4030 papae,
855 3951 1016 4013 successori
1036 3949 1191 4028 Stephani,

93 4071 153 4109 rem
175 4052 286 4110 detulit.
328 4053 388 4127 Qui
407 4063 528 4112 vocatos
549 4049 673 4107 Romam
693 4044 738 4106 vel
751 4043 836 4104 exilio
849 4045 896 4106 vel
908 4042 1056 4124 perpetuis
1070 4041 1190 4102 damua-

93 4141 134 4202 vit
154 4145 345 4227 ergastulisl)
366 4155 395 4204 et
415 4145 484 4204 dixit
503 4141 608 4204 illustri
626 4139 751 4200 Karolo:
785 4138 821 4198 st
844 4137 919 4200 ulios
941 4135 992 4197 uhi
1011 4139 1191 4214 praestitero,

95 4293 291 4310 ‘'b—nunna·-

137 4383 156 4429 ¹)
170 4382 266 4429 Zaebar,
279 4379 344 4436 vlit,
358 4385 396 4424 23.
688 4417 693 4424 .

135 4445 196 4497 ²18.
214 4449 275 4491 oben
287 4447 311 4492 8.
326 4451 367 4492 115
382 4445 420 4490 dle
434 4446 498 4490 anm.
514 4458 544 4490 zu
557 4444 614 4496 lleil,
629 4443 679 4490 xt.
