2900 5086
240 541 360 616 labitur,
380 549 409 600 et
427 537 496 599 inde
516 535 654 619 magister
674 534 801 596 efficitur
820 534 943 607 erroris,
968 529 1045 590 unde
1065 527 1186 588 auditor
1202 537 1367 586 contem-

241 635 300 715 psit
319 654 381 694 esse
399 631 537 694 veritatis.
576 629 688 690 Hanc
679 629 783 710 agitur,
807 629 941 702 Fratres,
960 621 1154 706 perniciosam
1176 620 1366 681 devitantes

242 726 412 802 elationem,
436 735 602 786 sanctorum
623 722 741 781 Petrum
762 733 793 782 et
811 721 977 781 sanctorum
997 717 1162 776 Doctorum
1182 713 1280 773 sacris
1306 713 1362 771 in·
1422 712 1423 762 l

242 819 412 880 horreamus
431 817 574 878 sensibus:
596 815 752 890 discamus,
773 829 855 894 quae
866 812 1059 894 scripserunt;
1078 807 1247 880 credamus,
1272 827 1363 886 quae

244 912 424 985 docuerunt,
457 921 486 970 et
511 924 572 968 non
593 907 770 968 declinemus
790 907 831 966 ad
846 907 992 966 dexteram
1012 919 1110 980 neque
1130 899 1166 958 ad
1186 899 1361 974 sinistram,

242 1007 294 1065 sed
319 1027 374 1086 per
397 1005 471 1064 viam
491 1002 613 1084 Regiam
640 1002 676 1062 ad
696 1001 808 1080 Regem
835 1010 865 1058 et
884 997 1113 1075 Redemptorem
1139 1003 1169 1050 et
1186 993 1294 1052 Deum
1326 1005 1360 1052 et
1422 985 1423 992 ¹

243 1097 405 1156 Dominum
436 1107 568 1156 nostrum
593 1095 694 1154 Jesum
722 1093 868 1152 Christum
894 1087 1037 1150 concordi
1061 1085 1130 1144 fidei
1158 1095 1189 1144 ct
1211 1085 1357 1145 veritatis

245 1211 391 1249 curramus
412 1187 606 1270 professione.
647 1185 741 1246 Corsis
758 1189 833 1246 subn
852 1180 978 1244 creditur·
995 1177 1198 1249 adsuessent,
1219 1198 1275 1236 ore
1295 1201 1356 1238 oss-

244 1295 299 1339 reru
318 1283 463 1361 confessio
481 1285 518 1342 sit
533 1279 575 1341 acl
589 1280 760 1357 sciatensi),
780 1278 885 1338 eodem
897 1283 1052 1334 attestante
1065 1269 1226 1350 Apostolo.
1246 1270 1357 1331 Iussus

245 1387 340 1434 aretem
358 1396 398 1434 ex
413 1371 476 1453 fiiis
499 1373 641 1451 trivit¹⁰):
671 1371 704 1430 si
728 1371 818 1430 iustus
844 1389 877 1428 ex
903 1368 959 1426 fide
984 1365 1070 1438 vivit,
1099 1362 1266 1442 quomodo,
1301 1364 1356 1443 qui

247 1465 334 1525 fidem
362 1487 423 1526 non
450 1465 538 1527 haber
562 1477 687 1540 rectam,
713 1483 744 1524 se
768 1463 866 1524 vivere
891 1458 1041 1520 aestimati
1081 1449 1145 1515 Nos
1167 1478 1270 1532 nempe
1289 1481 1354 1518 non

246 1581 343 1620 suranus
341 1557 539 1648 „infidelitatis
554 1559 650 1638 filii
638 1580 671 1618 trs
684 1555 888 1633 perditionem,
913 1549 964 1612 sod
979 1550 1045 1630 filii
1068 1547 1110 1608 od
1131 1553 1351 1656 nopoisr'siouem

247 1655 370 1714 unisone.
410 1651 574 1732 Sequemur
599 1651 774 1711 Sanctorum
800 1648 919 1706 Patrum
951 1641 1172 1721 venerabilia
1163 1663 1195 1702 sn
1225 1644 1348 1704 caritate

169 1761 179 1780 ⁸
247 1758 415 1826 praecepta.

244 1858 246 1868 ’
304 1845 332 1902 4
370 1839 467 1900 Decet
492 1835 570 1900 enini
599 1851 632 1899 ut
662 1837 793 1897 omnium
819 1809 1053 1909 Christianorum
1077 1849 1135 1889 una
1160 1831 1198 1891 sit
1220 1830 1294 1892 fides
1320 1843 1352 1892 et

248 1950 323 1990 unus
350 1931 478 2008 animus,
509 1933 583 1992 slcut
607 1940 761 1990 estonum
784 1925 857 1988 ovile
878 1938 904 1984 rt
927 1945 1001 1984 osores
1019 1935 1132 1999 pensor.
1184 1922 1247 1997 Qui
1270 1925 1350 1984 enim
1423 1981 1424 1986 ,

249 2034 329 2082 extra
349 2023 546 2084 Ecclesiastlci
569 2023 652 2082 ovilis
671 2034 753 2102 septa
773 2018 978 2092 invenientur,
1002 2015 1101 2096 lupina
1122 2015 1204 2076 rabie
1224 2017 1351 2078 devora*
1423 2025 1424 2080 ζ

249 2113 370 2189 buntur,
391 2117 440 2196 qui
459 2135 561 2176 vocem
582 2116 655 2176 boni
671 2114 795 2198 pastoris
811 2131 873 2172 non
890 2111 1020 2186 audiunt,
1041 2111 1091 2190 qui
1111 2123 1180 2172 ante
1200 2129 1266 2170 oves
1283 2131 1349 2170 suas
1423 2131 1424 2142 ¹

249 2205 434 2286 ingredietur
454 2219 484 2268 et
509 2209 692 2290 egredietur,
722 2219 755 2268 ut
774 2227 822 2267 cas
842 2205 878 2264 ad
897 2224 1002 2284 pascua
1021 2205 1110 2264 vitae'
1126 2203 1229 2264 educat
1250 2213 1346 2261 aeter·
1423 2233 1424 2254 2

189 2341 194 2360 2
250 2302 378 2378 naen).
416 2299 509 2360 Nobis
530 2302 628 2382 itaque
649 2301 758 2362 dictum
777 2297 989 2382 intelligamus,
1010 2296 1090 2376 quod
1110 2297 1243 2378 egregius
1261 2316 1349 2376 prae-

251 2389 364 2450 dicator
382 2393 440 2453 suis
465 2395 616 2456 carissimis
642 2393 708 2454 liliis
728 2390 937 2472 praecipiebat,
958 2390 1070 2452 dicens:
1096 2391 1220 2452 Obsecro
1236 2412 1284 2450 vos
1294 2412 1351 2466 per

251 2505 353 2543 nomon
371 2485 495 2545 Domini
511 2491 603 2548 usuri
620 2489 692 2548 Jesu
714 2483 986 2560 Clarissimorum
1004 2481 1105 2544 clientis
1124 2505 1229 2560 omnes,
1250 2497 1276 2542 et
1293 2505 1351 2543 non

195 2603 199 2610 ⁴
252 2581 309 2636 siut
327 2581 358 2638 in
376 2579 453 2640 uobis
470 2577 630 2640 schismata.
669 2580 741 2640 Sitis
765 2593 858 2639 auton
877 2577 1005 2658 proficii
1028 2580 1060 2636 iss
1084 2598 1141 2638 uno
1164 2599 1249 2636 smsu
1271 2589 1298 2634 es
1320 2581 1350 2636 in

253 2669 351 2730 eusdem
368 2677 576 2754 sententium).
606 2675 687 2734 Haec
707 2672 845 2732 habentes
858 2669 1048 2749 Apostolicae
1067 2667 1243 2728 auctoritatis
1264 2690 1349 2748 prae-

237 2775 352 2842 ·ccpta,
372 2767 551 2824 concordate
571 2767 733 2825 nobiscum.
771 2761 928 2843 Diligimus
948 2781 1015 2821 vos:
1041 2763 1097 2821 hoc
1115 2759 1200 2820 vobis
1219 2761 1347 2822 volumus

222 2857 225 2869 '
256 2853 285 2910 in
306 2855 455 2929 Domino,
484 2855 563 2932 quod
589 2866 619 2914 et
642 2854 741 2916 nobis:
779 2854 846 2934 quia
872 2854 1019 2935 perlecta,
1049 2875 1135 2934 quum
1159 2853 1294 2913 habemns
1317 2856 1345 2913 in
1424 2881 1425 2886 ¹

258 2943 394 3022 Christo,
419 2947 523 3013 caritas
544 2968 726 3033 congregare
746 2950 855 3030 gaudet
874 2967 935 3006 non
961 2967 1117 3028 spargere,
1144 2948 1267 3007 adunare
1286 2965 1343 3005 non

258 3038 407 3116 scindere,
449 3052 479 3100 et
507 3041 712 3122 inconsutilem
740 3040 899 3102 Salvatoris
917 3041 1023 3126 ,nostri
1052 3039 1181 3100 tunicam
1210 3041 1346 3119 integram

258 3151 373 3192 servare
403 3155 466 3194 non
497 3135 643 3212 dividere,
675 3135 879 3216 praevidentes
905 3133 961 3194 hoc
985 3135 1064 3196 idem
1090 3134 1122 3192 in
1149 3153 1220 3213 pace
1244 3131 1347 3194 Christi

259 3227 416 3302 custodire,
437 3228 517 3308 quod
536 3229 646 3290 milites
661 3229 692 3287 in
712 3228 847 3308 passione
868 3226 928 3286 eius
949 3225 1217 3306 observaturum).

316 3326 343 3384 b·
383 3321 436 3386 His
462 3321 645 3401 praelibatis,
672 3321 774 3382 vestris
802 3320 834 3379 in
858 3319 990 3380 Domino
1024 3319 1109 3380 ualde
1142 3320 1345 3400 congaudemus

260 3409 459 3490 profectibus,
488 3414 527 3473 lta
552 3427 585 3476 ut
610 3415 641 3475 in
666 3413 801 3476 cordibus
827 3413 933 3474 nostris
953 3413 1084 3474 fraterno
1105 3433 1204 3474 amore
1224 3423 1345 3487 vestram,

189 3580 191 3588 y
263 3509 350 3582 quam
364 3504 525 3583 patiemim,
545 3506 744 3586 lachrymabili
763 3509 872 3589 gemitu
892 3507 1100 3568 condoleamus
1120 3505 1344 3588 oppressionem,

263 3596 315 3656 sed
332 3599 443 3658 maiore
460 3598 552 3658 multo
570 3600 686 3661 tristitia
701 3601 833 3683 lugemus
846 3601 907 3679 ¹⁴),
927 3600 952 3660 si
963 3599 1073 3678 aliquid
1086 3598 1243 3658 Diabolica
1256 3598 1343 3658 fraude

262 3688 385 3752 interius
405 3692 605 3772 oppressionis
628 3713 682 3772 per
705 3693 906 3752 infidelitatem
933 3691 980 3752 vel
1007 3691 1161 3752 cuiuslibet
1185 3689 1344 3750 schismatici

265 3781 373 3841 erroris
397 3784 530 3861 patimini
555 3786 701 3846 cordibus.
740 3786 807 3864 Ipse
832 3797 876 3846 est
900 3786 1055 3846 continuus
1080 3783 1167 3845 dolor
1192 3783 1345 3862 pectoribus

265 3875 382 3951 uostris,
404 3886 433 3934 et
448 3895 523 3956 pene
541 3878 755 3942 irremediabile
771 3877 890 3952 vulnus,
909 3877 965 3936 nisi
980 3898 1033 3957 per
1047 3877 1107 3940 eius
1122 3875 1345 3950 misericordiam,

265 3973 315 4048 qui
332 3984 417 4029 soum
435 3973 569 4032 counitos
586 3971 733 4051 modest)
753 3986 780 4032 et
797 3971 855 4034 volt
873 3990 969 4032 omsws
985 3967 1111 4030 borsines
1128 3970 1224 4030 salvos
1238 3971 1304 4049 fissi
1324 3985 1346 4030 et

265 4061 307 4120 cul
322 4066 495 4139 agnitionem
512 4067 637 4123 veritatis
650 4067 876 4142 pesoeuirs¹⁸),
900 4065 1016 4124 illi'nos
1037 4063 1209 4137 laetificent,
1240 4055 1345 4144 quitri-

265 4167 423 4220 stsverunt.
461 4159 565 4218 Vestra
584 4157 674 4240 igitur
693 4147 856 4236 correctio,
877 4169 977 4218 nostra
996 4170 1040 4219 e'st
1058 4155 1237 4220 laetificatio.
1271 4157 1343 4218 Desi-

184 4293 185 4298 1
269 4249 403 4310 decantes
428 4272 480 4313 vos
504 4253 600 4313 socios
625 4249 732 4310 habere
752 4252 782 4309 in
803 4252 860 4316 fide
881 4250 1033 4312 Catlrolica
1055 4263 1084 4310 et
1102 4263 1301 4330 cooperatores
1317 4249 1343 4306 iu

267 4343 485 4430 praedicatione
504 4345 650 4428 veritatis,
669 4356 703 4412 ut
721 4344 874 4432 gaudium,
894 4345 974 4424 quod
994 4344 1125 4408 Christus
1151 4345 1208 4406 suis
1228 4340 1344 4422 promisit
