2960 5094
556 295 566 330 ,
606 283 608 300 .

748 435 806 502 ll

269 592 354 672 qnod
376 591 465 652 semel
484 591 518 652 B.
539 591 630 652 Petro
657 591 891 672 pollicitiestis,
917 602 948 650 et
972 607 1027 670 per
1053 591 1247 652 donationem
1274 599 1370 650 vestra

267 705 357 745 manu
377 684 535 761 firmatam,
555 704 612 766 pro
632 685 778 768 mercede·
789 684 902 744 animae
920 695 1049 760 vestrae,
1074 687 1108 745 ll.
1128 685 1224 746 Petro
1243 683 1371 744 reddere

268 791 300 840 et
329 779 504 839 contradere
527 777 680 850 ‘iestimte
728 779 836 839 Beatus
867 775 994 857 denique
1018 779 1127 840 Paulus
1140 781 1173 858 ²)
1204 775 1372 858 Apostolus

268 873 322 934 nit:
341 871 455 934 Malim
473 885 515 934 ert
531 893 709 948 maroam,
727 891 813 952 quom
826 883 999 945 postcomm
1007 893 1068 933 eon
1077 871 1207 934 reddere.
1248 869 1372 931 Etenim

268 989 323 1030 nos
347 987 451 1030 omnes
471 987 570 1028 causas
589 977 705 1027 sancue
724 964 783 1023 Dei
807 962 948 1023 ecclesiae
971 964 1003 1024 in
1022 979 1121 1026 vestro
1146 967 1264 1050 gremio
1286 983 1372 1024 com-

266 1062 483 1136 mendavimus,
508 1071 540 1121 et
561 1081 614 1122 vos
640 1047 769 1118 re'ddetis
787 1056 855 1116 Deo
882 1067 913 1116 et
938 1057 1026 1120 beato
1046 1059 1139 1122 Petro
1163 1061 1315 1122 rationem
1339 1054 1372 1114 in

268 1156 317 1216 die
337 1154 483 1216 tremendi
501 1152 617 1228 iudici,
642 1149 793 1231 quomodo
814 1149 1032 1212 decertaveritis
1051 1173 1106 1232 pro
1127 1173 1213 1215 causa
1234 1149 1367 1212 eiusdem

266 1249 408 1329 principis
426 1247 654 1330 Apostolorum,
677 1253 709 1302 et
732 1238 1006 1307 restituendis'cius
1034 1247 1202 1309 civitatibus
1228 1257 1259 1307 et
1284 1241 1369 1303 locis.

267 1341 362 1403 Vobis
374 1341 512 1422 deniqne,
530 1337 627 1398 multis
641 1329 704 1396 'iam
718 1335 861 1398 devolutis
880 1337 1074 1418 temporibus,
1093 1340 1151 1402 lroc
1164 1340 1281 1402 bonum
1293 1353 1371 1415 opus

266 1446 445 1497 reservatum
464 1445 522 1508 est;
546 1439 579 1490 ut
598 1449 722 1511 perros
743 1430 887 1492 exaltetur
904 1411 1052 1509 Ecclesia,
1079 1445 1110 1494 et
1128 1455 1210 1494 suam
1230 1430 1372 1512 princeps

153 1527 163 1534 ’
215 1525 480 1608 ’ἋροεῐοΙοιιιιιι
497 1523 801 1604 pereipiatiustitiarn.
839 1523 943 1586 Nullus
962 1527 1071 1586 meruit
1090 1527 1126 1588 de
1144 1527 1371 1605 vestrisparen·

265 1621 344 1681 tibus
368 1621 428 1681 tale
453 1613 670 1700 praefulgidum
688 1637 809 1694 munus,
835 1618 963 1680 cedros
988 1621 1134 1704 praelegit
1159 1635 1190 1683 ct
1209 1611 1370 1701 praescivit

266 1714 348 1775 Dens
366 1724 436 1772 ante
455 1723 590 1792 tempora
610 1721 744 1786 aeterna,
763 1709 850 1770 sicuti
869 1712 1009 1792 scriptum
1029 1727 1084 1776 est:
1116 1717 1196 1799 Quos
1210 1709 1371 1791 praescivit

265 1821 293 1869 et
305 1805 540 1887 madeniensis,
557 1801 609 1865 dos
628 1817 655 1864 et
671 1807 798 1864 uocauit:
822 1818 850 1864 et
867 1827 939 1884 quos
956 1811 1076 1883 movit,
1095 1809 1163 1870 iilos
1182 1823 1209 1869 et
1226 1806 1369 1882 isauficu-

264 1905 312 1962 υἰέ.
350 1899 457 1960 Vocati
477 1897 560 1974 estis,
582 1896 722 1958 iustitiam
745 1897 804 1978 ipsi
822 1899 949 1980 principi
967 1901 1181 1982 Apostolorum
1200 1899 1256 1964 sub
1277 1893 1369 1958 annia

264 1993 456 2055 iestindtione
473 1992 576 2052 iacere
595 1992 721 2067 studete,
741 1992 808 2070 qnia
826 1992 967 2072 scriptum
988 2005 1043 2056 est:
1063 1995 1155 2056 Fides
1173 2019 1215 2058 ex
1234 1987 1371 2071 operib&

264 2089 446 2166 ussficmar.
484 2087 533 2147 De
552 2083 689 2146 omnibus
707 2105 780 2147 vero
800 2085 1042 2148 tribulationibus
1062 2089 1180 2164 nostris,
1201 2085 1272 2168 quas
1292 2078 1369 2164 passi

265 2201 374 2255 snmus,
392 2180 441 2242 vel
461 2180 559 2242 denno
580 2179 715 2262 patimur,
733 2179 803 2241 Deo
823 2181 988 2255 amiliante,
1008 2183 1031 2238 F
1035 2181 1151 2242 olradus
1163 2181 1250 2254 filins,
1271 2185 1369 2239 vester

169 2317 186 2342 ,.
265 2273 471 2350 „Conciliariuu
491 2271 601 2333 eteius
621 2274 693 2334 socii
705 2275 885 2337 enarrabunt
898 2272 997 2332 vobis:
1018 2283 1048 2332 et
1067 2273 1107 2340 ita¹
1124 2273 1202 2356 agite
1223 2273 1261 2333 de
1282 2285 1367 2332 cansa

265 2367 300 2425 B.
320 2366 418 2443 Petri,
442 2377 476 2427 ut
495 2367 576 2427 etin
596 2367 650 2426 hac
668 2367 729 2426 vita
747 2367 890 2440 victores,
916 2363 1035 2427 favente
1054 2366 1203 2444 Domino,
1229 2361 1366 2434 existatis,

266 2471 297 2519 et
316 2461 347 2518 in
366 2460 484 2533 futuro,
509 2459 711 2518 intercedente
734 2459 800 2537 ipso
819 2455 954 2538 principe
973 2458 1187 2539 Apostolorum
1207 2459 1243 2522 Β.
1263 2461 1367 2528 Petro,

228 2593 231 2598 -
265 2551 372 2653 gaudia
391 2550 564 2630 possideatis
583 2559 712 2610 aeterna.
750 2550 833 2612 Bene
853 2551 958 2652 valete,
977 2553 1209 2616 excellentissimi
1229 2553 1291 2616 lilii.

717 2817 915 2828 ...μ-ῃ-..

788 3031 846 3100 VI.

172 3169 174 3178 ’
266 3151 443 3226 Epistola
453 3153 644 3224 §multumt
655 3157 711 3212 Π.
726 3157 860 3228 Papae
870 3157 922 3213 ud
932 3159 1124 3216 domnum
1133 3159 1366 3234 Plpplraums

518 3239 707 3297 corolum
723 3247 763 3298 et
780 3243 1114 3300 carolomannum

623 3325 727 3390 directa,
745 3328 772 3380 in
790 3347 840 3398 qua
858 3326 1006 3381 continetur

267 3407 340 3476 quod
356 3403 499 3460 Haiatolins
515 3409 616 3461 irritum
634 3411 730 3465 iecerat
746 3427 852 3484 pactum
871 3425 896 3464 at
912 3409 1100 3477 iuramentum,
1116 3417 1187 3483 quod
1205 3415 1296 3464 iisdem
1315 3407 1366 3460 Re·

267 3491 342 3556 num
359 3491 394 3542 dc
409 3488 502 3542 iustitia
518 3491 599 3543 sancti
618 3491 688 3546 Petri
705 3499 835 3564 pollicitus
853 3495 950 3558 fuerat,
973 3515 1032 3547 cnm
1050 3496 1134 3547 nimiis
1151 3494 1365 3553 adiurationibus,

390 3574 485 3628 iterum
502 3573 635 3644 portulam
654 3577 813 3632 adiutorium
832 3579 951 3632 obtinere
967 3593 1058 3632 eontra
1076 3581 1186 3633 eundem
1205 3579 1241 3651 ²).

342 3707 468 3768 Domnis
493 3707 737 3773 excellentissimis
764 3713 829 3774 filiis
848 3713 978 3794 Pippino
998 3711 1074 3793 Regi
1099 3724 1129 3772 et
1152 3726 1257 3776 nostro
1277 3710 1363 3792 spiri-

266 3797 338 3862 tuali
357 3801 513 3882 compatri,
531 3822 582 3862 scu
594 3799 705 3865 (larcio
727 3818 757 3868 et
769 3807 968 3868 Carlomanno
988 3805 1058 3865 item
1070 3805 1212 3890 Regibus,
1233 3819 1263 3870 ct
1276 3804 1364 3866 utris-

224 3928 227 3938 =
267 3915 324 3976 qne
344 3893 477 3956 Patriciis
496 3895 714 3977 Romanorum,
737 3899 903 3983 Stephanus
923 3897 1013 3980 Papa.
1055 3899 1177 3964 Providi
1197 3914 1227 3962 et
1245 3899 1364 3980 sapien·
1458 3905 1459 3976 l

266 3984 371 4050 tissimi
389 3987 556 4051 Salomonis
582 3992 755 4072 prophetica
780 3995 820 4055 ita
845 3995 939 4056 fertur
961 3993 1096 4054 assertio:
1123 3994 1237 4086 Nomen
1260 3993 1365 4056 &mm
1458 4033 1459 4076 3

267 4103 354 4160 super
367 4081 573 4144 momordit
612 4086 729 4150 Nomen
750 4089 861 4170 quippe
881 4085 992 4149 bonum
1013 4099 1065 4166 est,
1086 4087 1183 4166 fidem,
1204 4083 1364 4172 quamquis
1458 4093 1459 4134 ἶ

314 4299 335 4352 ¹)
354 4301 400 4344 Dic
412 4301 496 4348 Worte
509 4302 590 4348 etthan
607 4303 638 4348 inr
653 4305 724 4354 Prsd.
741 4305 832 4354 Selom.
848 4307 878 4364 V,
891 4310 914 4352 4.

310 4363 332 4412 ²)
358 4363 414 4412 Cod.
437 4367 538 4423 Corolia.
556 4373 597 4418 lx.
626 4371 716 4430 Bouq.
731 4376 767 4431 V,
785 4391 811 4434 p.
826 4377 961 4420 aas-4⁹0.
991 4373 1148 4419 Gesclrriebcn
1164 4388 1201 4418 am
1214 4371 1306 4418 Saltim
1322 4367 1362 4410 dei

178 4435 190 4455 ⁸
267 4427 353 4476 inlares
369 4435 421 4477 75⁴.
