2960 5094
117 441 136 476 e
283 486 287 496 x
498 405 505 430 “
534 495 536 504 p
557 423 566 440 ¹
611 417 668 489 31
775 463 778 470 .

94 571 171 638 nissi
190 571 404 655 recuderemus
423 570 523 636 sues
542 583 707 650 protectans
725 571 937 642 uxcrtlerttan
955 581 1090 652 rubam
1107 526 1188 655 quod

91 665 206 746 saepius
225 665 308 730 robis
328 663 508 729 innotuimus
528 663 565 726 de
585 663 773 728 Hiltibrando
792 665 1047 748 SpoletiuoDuce
1067 664 1188 730 senh-

92 759 156 841 giso
175 760 389 836 Beneuentano
408 758 504 833 Duce,
523 767 612 836 atque
626 757 783 840 Rodgauso
802 758 1008 823 Foroiuliano.
1027 760 1063 822 tle
1081 761 1188 824 saevis·

90 853 163 915 simo
179 853 317 917 'consilio
349 851 432 932 quod
456 851 527 932 crg'a
552 869 607 916 nos
632 861 719 929 atque
742 873 795 930 vos
819 873 925 936 gerere
948 873 1012 916 uon
1036 853 1202 922 ddum

88 947 177 1008 Nunc
192 965 267 1010 uero
288 947 364 1010 duna
377 943 535 1006 fidelissimi
552 941 643 1004 vestri
661 943 758 1019 Missi,
775 966 809 1010 re
827 967 897 1010 vera
916 945 1110 1011 sanctissimus
1129 945 1189 1009 lra-

89 1050 137 1102 ter
154 1051 262 1108 noster⁴
276 1039 433 1102 Possessor
452 1037 627 1118 Episcopus,
647 1031 942 1121 atque‘l’sabigeudus
959 1037 1116 1122 religiosus
1125 1039 1189 1100 Ab·

62 1159 64 1167 2
90 1133 159 1210 bas,
182 1135 397 1198 aBersevento
415 1129 608 1212 repedantes,
632 1149 698 1209 per
714 1129 896 1210 praedictum
914 1131 1134 1200 Hiltibrandnna
1153 1134 1190 1198 ad

88 1248 158 1292 nost
165 1237 351 1307 properant,
396 1225 460 1286 imis
485 1242 542 1288 nos
567 1222 757 1288 obsecrantes
783 1234 914 1303 propter
930 1224 1075 1296 nominali
1098 1224 1190 1290 Hilti-

83 1247 422 1394 brandinosataff(

89 1419 225 1476 nostrum
243 1411 405 1474 indiculum
425 1423 456 1474 et
473 1409 591 1473 obsides
612 1427 668 1489 pto
687 1429 738 1472 sua
758 1406 944 1472 dubitatione
970 1407 1192 1492 [mittaremm],

90 1515 122 1566 et
145 1486 359 1568 Hildibraudus
383 1506 492 1568 nostris
517 1526 548 1566 se
573 1513 763 1586 praesentant
787 1497 945 1568 obtulibus.
992 1501 1056 1566 Nos
1081 1506 1192 1586 quippe

88 1599 248 1660 secuudum
268 1598 502 1662 fidelissimorum
512 1599 670 1661 Missurum
688 1607 852 1660 vestrorum
871 1592 992 1668 dictum,
1009 1591 1082 1660 illuc
1100 1617 1192 1676 usqam

89 1689 247 1770 spoletum
279 1691 433 1754 direximus
466 1691 650 1772 Stephanum
684 1701 817 1754 nostrum
854 1685 1052 1753 fidelissimum
1083 1689 1192 1755 dudum

85 1784 286 1848 sacellarium:
306 1785 358 1864 qui
377 1806 443 1860 cum
463 1785 656 1851 eumsallatus
676 1783 788 1858 fuisset,
807 1792 838 1844 et
856 1791 928 1845 tuuc
944 1793 1062 1850 nosnos
1080 1781 1193 1850 ibidem
1250 1855 1263 1876 Ι

87 1877 307 1944 distinasstmus
326 1877 454 1955 obsides,
473 1879 537 1960 ipse
557 1899 665 1960 nempe
684 1889 788 1940 noster
806 1875 921 1950 Missus,
940 1894 1007 1938 cum
1026 1877 1105 1956 apud
1123 1895 1217 1946 euru,

85 1971 304 2044 coniunxisset,
327 1971 359 2033 in
376 1992 483 2052 magua
509 1993 584 2034 auur.
600 1972 714 2036 inuenit
733 1969 900 2052 protervia,
923 1989 964 2032 oo
985 1968 1067 2048 quod
1086 1969 1192 2036 Missos

85 2061 201 2144 Arigisi
217 2063 422 2122 Beneuemani
440 2063 542 2138 Ducis,
559 2085 612 2124 seu
632 2076 662 2124 et
677 2060 838 2146 Rodgauos
857 2063 1053 2138 Foroiuliensi,
1071 2081 1193 2128 necnon

88 2168 119 2214 et
136 2152 321 2236 Regnibaldl
336 2153 366 2229 ¹)
387 2153 526 2214 Clusinae
547 2155 810 2231 civitatisDucum,
829 2157 860 2220 in
870 2156 996 2238 Spoleto
1015 2177 1083 2221 cunt
1101 2176 1194 2236 ptat-

87 2249 150 2308 sato
177 2246 293 2326 reperit
318 2241 527 2320 Hiltibrando,
557 2245 731 2304 adhibentes
755 2247 889 2307 adversus
915 2269 970 2308 nos
992 2248 1192 2328 perniciosum

89 2341 261 2414 consilium,
278 2335 428 2416 ·qualiaer,
454 2336 523 2397 Deo
548 2337 590 2398 eis
611 2337 780 2413 contrario,
805 2338 938 2418 proximo
958 2340 1067 2398 Martio
1092 2360 1193 2400 mense

20 2459 26 2512 j
90 2432 278 2506 adveniente,
296 2441 436 2509 utrosque
456 2451 487 2490 se
500 2429 632 2490 inunum
646 2430 873 2512 conglobarent,
894 2450 959 2490 cum
970 2439 1085 2492 caterva
1098 2431 1194 2493 Grae-

89 2544 196 2584 corum
218 2534 248 2584 et
266 2521 579 2604 Athalgisobesiderii
600 2521 673 2600 filio,
693 2534 725 2582 ut
743 2534 822 2582 terra
841 2523 973 2602 marique
994 2523 1031 2582 ad
1051 2522 1193 2584 dimican-

90 2618 160 2678 dum
180 2636 271 2698 super
289 2637 343 2678 nos
362 2617 491 2692 irruant,
512 2614 663 2698 cupientes
684 2615 758 2678 hanc
777 2627 908 2677 nostram
927 2615 1119 2678 Romanam
1109 2639 1193 2682 rnva

76 2711 161 2770 ¹dere
181 2709 319 2780 invadere
337 2707 495 2786 ciuitatem,
515 2720 545 2768 et
558 2717 675 2768 cunctas
687 2706 902 2770 DeiEcclesias
923 2709 1083 2794 denudare,
1103 2722 1192 2791 atque

90 2801 263 2867 ciboriuml
261 2801 371 2868 autoris
390 2802 524 2872 vestriB
535 2799 617 2872 Petri
637 2801 763 2878 auterre,
781 2802 830 2864 vel
849 2825 904 2867 nos
922 2803 1075 2884 metipsos
1095 2803 1193 2886 (quod

90 2907 204 2956 avertat
228 2894 378 2974 divinitas)
407 2895 537 2976 captivos
562 2895 723 2971 deducere,
751 2916 807 2956 nec
835 2885 901 2964 non
926 2897 1193 2980 Langobardorum
1297 2891 1306 2912 '

89 2988 205 3072 Regem
222 2988 437 3070 redintegrare,
460 2999 491 3047 et
508 3000 623 3056 vestrae
630 2987 735 3070 regali
754 2987 911 3050 Potentiae
931 2991 1077 3052 resistere.
1225 2973 1244 2998 ν

363 1319 423 1380 tei
442 1317 558 1380 reniam
569 1314 777 1382 tribueremus.
797 1315 965 1382 adserentes
982 1329 1016 1383 ut
1034 1302 1191 1398 aputeum
1295 1359 1300 1369 ·

139 3080 200 3141 Ob
229 3077 303 3156 lior,
328 3079 607 3165 praecellentissime
627 3079 704 3158 Rex,
731 3091 761 3141 et
788 3080 951 3143 dulcissime
971 3082 1029 3160 fili,
1058 3095 1130 3166 peto
1150 3097 1193 3162 te,
1276 3151 1277 3154 ,
1362 3151 1368 3164 ,

93 3184 121 3233 et
136 3185 280 3253 tanquam
305 3173 539 3266 praesentialiter
557 3174 698 3235 adsistens
723 3193 789 3236 cum
809 3173 914 3236 divinis
933 3178 1095 3257 mysteriis,
1118 3197 1193 3236 con-

92 3267 152 3327 iuro
176 3285 276 3325 coram
296 3265 412 3326 Deo
383 3287 451 3328 urvo
477 3277 508 3327 et
525 3286 615 3343 vero,
640 3279 670 3328 et
690 3269 751 3328 eius
771 3268 906 3374 principe
925 3268 1192 3348 ApostdlorumB.

93 3357 198 3434 Petro,
217 3367 252 3415 ut
270 3357 322 3417 sub
343 3359 432 3419 nimia
452 3359 641 3420 festinatione
662 3372 693 3420 et
710 3360 834 3418 maxima
854 3357 1005 3418 celeritate
1023 3353 1190 3424 nobissub-

92 3452 191 3512 venias
215 3469 255 3509 ne
280 3467 447 3529 pereamus:
477 3450 710 3530 quoniamrpost
726 3449 859 3510 Deum
848 3455 880 3510 m
903 3449 961 3512 tuis
980 3451 1114 3516 manibus
1133 3477 1191 3517 no-

92 3554 163 3604 stras
189 3542 321 3603 omnium
342 3541 544 3602 Romanorum
572 3543 766 3605 commisimus
793 3543 910 3605 aniuras.
953 3545 1080 3608 Nenos
1106 3549 1192 3610 dere·

91 3635 206 3716 linquas
226 3647 276 3696 aut
296 3635 415 3697 disseras
427 3635 630 3714 solatiandum,
648 3659 687 3698 ne
708 3639 807 3699 dicant
818 3649 933 3720 gentes,
954 3639 1071 3718 quaein
1082 3653 1190 3704 cuncto

92 3727 166 3788 orbe
176 3721 321 3788 terrarum
333 3741 413 3788 sunt:
439 3727 500 3810 Udi
516 3743 558 3790 est
564 3729 684 3812 fiducia
692 3729 904 3809 nannum,
923 3750 1010 3810 pesam
1016 3747 1086 3812 post
1093 3733 1191 3797 Deum

92 3821 124 3879 ln
149 3843 245 3898 regnan
267 3835 295 3881 aa
317 3843 437 3899 regnum
455 3823 640 3885 Famem
663 3822 822 3903 dodabm?
859 3825 900 3884 Et
923 3836 956 3884 tu
980 3823 1018 3886 de
1041 3827 1190 3908 omnibus,

20 3943 21 3950 ι
64 3963 66 3968 ,
94 3933 111 3971 a
131 3915 197 3974 Deo
217 3925 351 3996 protecte
372 3915 556 3979 dilectissime
576 3918 634 3995 fili,
659 3929 727 3978 ante
746 3917 881 3978 tribunae
900 3917 960 3978 Dei
983 3919 1039 3980 eris
1058 3920 1209 3983 redditu-0

20 4059 23 4070 ,
94 4019 145 4062 rus
164 4006 321 4081 rationem3
348 4009 497 4093 quoniam,
515 4024 549 4072 nt
566 4012 692 4092 praefati
710 4032 817 4091 sumus,
836 4023 904 4072 tuae
922 4011 1090 4074 dulcisimae
1111 4011 1190 4070 Sub·
1259 4000 1276 4016 ‘

20 4103 23 4180 ζ
94 4095 202 4176 limati,
222 4121 275 4180 per
293 4099 351 4162 Dei
371 4106 610 4188 praeceptionem
630 4117 662 4164 et
680 4106 715 4164 B.
735 4103 833 4182 Petri,
858 4117 986 4166 sanctam
1004 4103 1068 4165 Dei
1083 4103 1189 4164 Eccle-

94 4190 165 4250 siam
191 4203 222 4252 et
244 4207 377 4258 nostrum
394 4191 597 4262 Romanorum
622 4197 802 4280 reipublicae
830 4200 973 4280 populum
994 4194 1189 4263 commisimus

136 4417 329 4478 ¹>liqr'nlnldtd
