2890 5092
404 582 538 654 Pendula
556 599 605 652 tot
622 590 738 650 iamiam
757 591 835 671 rapti
855 599 1026 672 argumenta
1046 589 1183 670 poderim

332 696 389 756 495
408 685 578 766 Iratamque
598 694 687 764 caput
706 703 853 763 quassans,
871 684 1020 744 horrenda
1040 683 1168 766 remugit

340 781 343 790 ’
404 783 566 855 Murmura,
584 777 840 857 murmuribusque
860 777 954 837 minas
974 777 1114 859 regaliter
1133 777 1227 838 addit.

403 877 505 954 thue
526 893 594 934 reos
614 870 710 932 claudi
728 870 890 932 tenebroso
912 891 1029 932 carcere
1050 869 1141 948 iussit,

404 968 494 1028 Tales
507 965 642 1042 ,sollicito
664 966 827 1046 depromsit
846 976 969 1044 pectore
989 985 1091 1026 vocest

455 1060 532 1131 Heu,
552 1079 639 1137 quam
660 1059 732 1120 dura
750 1079 829 1118 meas
849 1070 987 1118 exercent
1008 1059 1066 1117 sata
1087 1055 1191 1116 tiaras!

329 1159 386 1220 500
408 1153 493 1227 Quae
515 1152 656 1214 Carolum
676 1153 795 1212 fortuna
815 1152 928 1211 manet!
949 1150 1124 1214 venerabilis
1147 1147 1215 1210 orbi

406 1247 526 1325 Totque
546 1245 664 1306 Ducum
683 1245 778 1306 maior
796 1243 890 1304 titulis
910 1245 941 1305 in
960 1244 1046 1326 prole
1066 1243 1176 1304 fatiscit

377 1401 378 1408 χ
402 1338 565 1399 Maiestatis
585 1357 668 1419 apen,
682 1337 774 1420 regni
794 1337 910 1418 fastigia
929 1339 1024 1398 nostri

403 1430 561 1511 Depretiat
579 1429 737 1492 sedleratus
758 1431 888 1513 Hymen,
907 1431 1019 1512 privata
1040 1430 1174 1492 dolemus

388 1523 518 1584 uonna
540 1521 649 1603 patres,
665 1519 804 1604 'vitiisque
824 1521 914 1584 ruuut
934 1523 1109 1585 immanibus
1129 1524 1224 1584 aulae.

329 1609 387 1684 505
406 1615 536 1697 Inclinat
554 1615 654 1697 regaie
675 1615 775 1691 decue
794 1615 969 1697 culmenque
988 1618 1120 1699 flagellat

406 1707 491 1784 Filia,
512 1720 543 1768 et
562 1721 686 1792 augusto
706 1709 801 1771 scelus
821 1709 971 1770 interterit
990 1710 1108 1770 honori.

405 1803 552 1882 Prospera
574 1802 730 1864 Gallorum
752 1803 911 1863 currebant
929 1816 1064 1884 tempora
1084 1803 1183 1878 rebus,

408 1894 637 1975 Concussusque
658 1895 731 1956 meis
750 1895 807 1956 iam
828 1895 1001 1958 mitescebat
1021 1897 1144 1960 habenis
1222 1910 1225 1916 '
1260 1923 1261 1930 ¹

404 1989 544 2065 Mundus,
565 2000 596 2048 et
615 1989 732 2051 afflictis
752 1988 872 2058 libertas
892 1991 1006 2052 reddita
1026 1991 1123 2067 terris,

330 2087 387 2148 510
406 2082 446 2140 Et
465 2081 562 2142 luerat
580 2101 711 2164 quoque,
729 2083 835 2160 Roma,
854 2085 925 2157 tibi;
945 2085 1016 2144 mihi
1035 2085 1117 2167 signa
1138 2107 1282 2167 genuque

403 2177 443 2234 Et
464 2173 583 2238 Sclavus
604 2189 635 2236 et
654 2177 741 2238 Salac
761 2189 862 2258 potor,
881 2177 1038 2257 Rhenique
1058 2179 1210 2258 Dravique

402 2269 525 2344 Accola,
547 2257 578 2330 et
596 2271 757 2332 indomitus
777 2271 895 2351 pridnm
915 2271 1090 2332 submiserat
1108 2275 1207 2335 Astur.

408 2363 581 2446 surgebant
598 2365 720 2426 delubra
739 2364 819 2438 Deo,
838 2365 1003 2446 meliorque
1022 2366 1142 2449 vigebat

404 2457 546 2539 Rclligio,
567 2459 696 2536 cultique
717 2457 771 2538 piis
791 2460 958 2520 reverentia
982 2460 1065 2521 caeli.

329 2559 388 2622 515
410 2551 469 2610 Sed
490 2561 603 2630 peccat,
622 2552 765 2631 varioque
786 2551 866 2612 domi
886 2573 917 2614 se
938 2555 1060 2614 crimine
1081 2555 1204 2635 quisque

402 2642 524 2722 Pplluit.
562 2645 621 2718 En,
641 2658 752 2725 quanto
773 2645 893 2708 soboles
912 2668 977 2708 mea
996 2648 1092 2708 maior
1112 2647 1249 2725 habetur,

404 2737 499 2796 Maius
521 2738 632 2798 crimen
654 2739 754 2814 habet,
774 2741 875 2819 patriis
896 2739 1001 2801 iniuria
1021 2741 1142 2822 sceptris

403 2828 555 2888 Dedidicit
574 2849 679 2908 parere
698 2831 781 2907 milri,
801 2831 950 2913 partisque
969 2835 1123 2916 triumphis

403 2919 568 3001 Obstrepit,
589 2933 619 2981 et
639 2923 756 3006 fulgens
776 2939 954 3007 conspurcat
972 2929 1109 2990 sordibus
1129 2940 1249 2990 ostrum.

326 3022 385 3082 520
406 3016 503 3089 Quam
525 3016 626 3097 genui,
645 3016 740 3079 minus
760 3019 810 3079 illa
830 3041 895 3081 mea
915 3034 969 3098 est,
988 3023 1140 3102 scriptoris
1159 3023 1253 3104 iniqui

404 3109 493 3168 Facta
515 3109 571 3188 suit
591 3111 697 3190 pellex,
716 3114 815 3193 rapuit
833 3133 956 3175 vesanus
975 3128 1090 3176 amator

401 3193 587 3286 virginitatis
608 3224 679 3284 opes
700 3217 731 3265 et
750 3215 846 3266 castae
864 3207 998 3287 symbola
1017 3209 1129 3279 lamae,

400 3296 516 3357 Gaudia
536 3297 576 3358 sic
593 3297 677 3358 socio
697 3298 809 3361 radunt
827 3301 970 3380 permixta
989 3303 1098 3378 dolori,

407 3391 511 3450 Gloria
533 3392 682 3466 dedecori,
702 3391 776 3452 nibil
797 3395 878 3454 omni
900 3415 934 3457 ex
952 3386 1036 3478 parte
1058 3397 1175 3458 beatum

208 3509 211 3517 ¹
280 3511 283 3519 ⁴
320 3489 383 3560 ,⁵25
403 3482 588 3560 Adspiciunt,
609 3486 659 3562 qui
679 3498 784 3546 cuneta
804 3500 922 3570 regunt,
941 3510 1004 3551 sors
1024 3503 1132 3552 maesta
1151 3495 1307 3555 secundam

321 3577 322 3580 ’
404 3573 511 3652 Diluit,
532 3587 562 3636 ct
582 3576 713 3638 celebres
733 3579 878 3640 infamant
895 3593 995 3664 stupra
1015 3605 1149 3648 coronas.

402 3668 464 3726 Iam
488 3667 595 3751 dignos
617 3681 702 3730 natae
722 3672 864 3734 thalamos
884 3696 1046 3759 regumque
1066 3681 1214 3758 parabam.

277 3804 288 3844 ,
403 3760 548 3836 Foedera,
567 3762 721 3843 sperabam
741 3777 859 3828 nostrae
879 3771 1027 3832 connubia
1049 3775 1134 3854 stirpi

403 3850 575 3932 Splendida,
597 3858 705 3936 quique
725 3858 797 3918 meis
818 3873 894 3922 essct
912 3865 1005 3943 (proh
1026 3867 1206 3948 Tempora!)
1222 3868 1322 3950 reguis

325 3950 383 4011 530
401 3943 460 4002 Par
479 3965 590 4026 gener,-
601 3951 733 4012 imbelles
753 3957 895 4032 pervertit
913 3957 1042 4036 perfidus
1061 3981 1155 4023 annos

404 4037 495 4113 Civis,
515 4052 545 4099 ct
563 4042 689 4105 illustres
709 4046 840 4114 exstinxit
859 4069 956 4131 ganeo
976 4053 1085 4114 taedas.

403 4131 496 4208 Quas,
515 4134 676 4214 Eginarde‚
695 4140 750 4200 tibi
770 4163 893 4222 poenas,
914 4163 988 4222 quae
1008 4145 1083 4206 iusta
1100 4145 1265 4228 rependam

401 4227 537 4288 Praemia
557 4228 693 4310 flagitio?
713 4253 777 4294 nou
797 4235 891 4312 simia,
911 4237 1011 4298 culeus
1030 4261 1116 4319 uuus,

309 4383 312 4392 ,
364 4361 367 4369 ,
401 4322 472 4380 Non
492 4341 612 4402 serpens
632 4324 699 4384 satis
719 4347 793 4388 unus
814 4329 879 4405 erit,
900 4330 1044 4412 discerpta
1063 4347 1216 4410 merentur

324 4419 382 4480 535
401 4414 535 4477 Membra
554 4417 640 4495 trahi,
662 4418 833 4502 laceraeque
853 4425 918 4504 rapi
937 4445 992 4505 per
1010 4429 1140 4510 compita
1159 4439 1272 4510 partes:
