2900 5086
1051 399 1053 402 Ι
1141 358 1163 386 l

516 355 519 367 ’
617 387 729 458 aar

240 533 244 540 .
765 516 770 542 l

81 565 227 626 perum,
244 549 394 612 viduarum
414 549 645 627 et‘orlanorum,
663 563 694 612 et
711 552 744 612 in
759 545 870 614 lumine
886 552 1115 634 ecclesiarum‘)
1133 555 1206 620 co'ne

98 639 191 700 ferre
211 640 350 710 debeam.
369 656 403 706 ut
420 642 567 719 Dominus
587 664 641 724 per
660 663 739 704 suam
757 645 985 708 misericordiam
1010 657 1050 704 et·
1065 645 1207 710 interres-

97 731 208 794 siomes
228 735 402 798 Sanctorum
423 737 621 816 etorat‘iones
641 755 804 817 pauperum
822 739 893 800 mibi
919 739 950 798 in
970 757 1044 819 pace
1071 748 1101 798 et
1118 739 1206 802 misess
1318 801 1328 820 Ἰ,

97 825 238 888 ricordia
263 829 370 892 debeat
387 827 543 907 recipere,
575 827 700 908 qualiter
724 831 892 909 portionem
910 851 1025 892 merear
1044 817 1156 892 babere'
1169 831 1206 891 iil

97 916 168 978 vita
182 919 357 988 ,beatorum
407 912 475 1003 Ego
498 921 640 984 Fulradus
670 921 725 982 hac
755 921 780 982 sl
801 908 947 1006 indignus
970 925 1106 986 sacerdos
1130 923 1206 986 filios

96 1009 229 1072 Paiculfo
255 1025 286 1072 et
309 1013 517 1096 Hirmingarde
542 1017 667 1076 condam
692 1015 1017 1101 dono,1dooatumque
1041 1015 1073 1085 iu
1098 1035 1206 1096 ΡθῐΡῡ*
1253 1080 1257 1091 ,
1318 1012 1320 1018 ‚

96 1113 191 1164 tuum
211 1124 312 1167 omnes
330 1127 377 1168 res
397 1109 584 1187 proprietatis
610 1127 694 1170 meae
719 1107 858 1188 quicquid
882 1109 918 1168 de
944 1109 1127 1170 successione
1141 1127 1205 1196 pa·

97 1208 225 1257 rentum
244 1219 377 1260 meorum
395 1199 468 1260 mibi
487 1200 624 1276 obvenit,
648 1201 696 1262 vel
716 1202 753 1262 de
774 1199 981 1261 donationibus
1001 1201 1131 1284 Regum,
1152 1201 1205 1260 seu
1269 1222 1276 1228 ·

99 1288 144 1348 de
165 1302 377 1370 comparatum,
395 1291 443 1353 vel
459 1294 701 1356 commutationes
712 1305 977 1373 quantumcumque
990 1293 1067 1354 mihi
1087 1305 1118 1366 et
1135 1289 1204 1374 gtrl

98 1399 198 1466 mano
217 1403 284 1444 meo
306 1385 485 1466 Gaust'perto
505 1387 643 1448 meditem
662 1386 734 1464 luit,
762 1398 791 1448 et
811 1385 949 1466 quicquid
967 1385 1029 1465 ipse
1049 1405 1205 1467 germanus

97 1491 188 1533 meus
209 1475 404 1556 Gaustpertus
423 1479 495 1538 mihi
513 1480 642 1544 tradidit.
679 1479 801 1540 Idsunt
820 1481 886 1541 losa
906 1476 1094 1540 denominata
1112 1475 1204 1536 Btita':

98 1565 306 1629 rinvilla-cum
324 1571 481 1648 apendiciis
497 1573 566 1648 suis,
584 1573 829 1647 Amitae-macra,
848 1567 1126 1644 Hartbertovillare3²
1141 1566 1204 1640 co,

99 1657 267 1742 ebelingas,
285 1655 460 1744 restingue,
479 1663 743 1747 Focbinulbingas;
762 1665 904 1744 similiter
914 1676 945 1726 et
959 1664 994 1728 in
1010 1659 1204 1736 ¹Alsacis,=·s'eu

39 1806 45 1819 ,
98 1751 135 1810 in
154 1753 376 1830 Mortbenaria,
405 1755 437 1814 id
455 1769 523 1816 sunt
541 1755 745 1835 Fredesbaim,
778 1758 1040 1820 Undioesbaimvet
1058 1754 1203 1814 Mocbeu·
1310 1788 1333 1826 ,ι

85 1846 193 1923 baim,
213 1844 361 1922 Ge'rmeri,
378 1847 630 1926 Audoldovillare,
650 1851 868 1927 Grutsenbaim‚
884 1847 1203 1926 Fresenbaintdtnsul*
1276 1895 1289 1908 c

100 1939 242 2015 sesbaim,
268 1939 466 2016 Scalerhaim,
485 1963 572 2021 super
592 1943 820 2006 Bebonovillare
843 1944 962 2004 ccclesia
979 1939 1148 2014 in‘honqre
1166 1939 1201 2000 Sa

100 2031 187 2092 Petri
202 2053 267 2092 cum
284 2032 454 2094 adiacentiis
474 2035 547 2109 suis,
565 2035 821 2111 Walterovillare,
839 2035 1094 2110 Ratbertovillare,
1114 2031 1202 2092 Scol-

101 2123 192 2200 haim,
210 2131 329 2184 n'ecnon
344 2124 375 2185 in
386 2126 515 2202 Salinse,
531 2127 788 2209 Turnugoyillare,
807 2129 1027 2212 Victnrningas,
1045 2127 1203 2207 Almere'ga

103 2227 202 2292 curte,
221 2217 421 2299 Warningas,
444 2219 590 2281 Filicione
610 2230 708 2293 curte,
735 2219 869 2285 similiter
888 2219 1013 2294 Salona,
1032 2220 1084 2278 ubi
1103 2217 1202 2277 aedifi-

103 2309 167 2367 cavi
177 2309 348 2386 [Ecclesiam
360 2311 392 2370 in
403 2311 518 2372 honore
531 2313 562 2372 S.
571 2312 653 2372 Petri
666 2333 732 2373 cum
742 2312 910 2374 adiacentiis
923 2310 989 2385 suis,
1001 2309 1201 2369 Walterovil-

102 2399 182 2474 lare,
206 2399 468 2478 Ratbertovillare,
493 2404 661 2482 Scofbaim,
681 2427 737 2468 nec
755 2426 820 2469 non
838 2402 1020 2480 insalinse,
1039 2403 1201 2484 Turpugo-

102 2490 222 2567 villare,
244 2491 403 2578 Almerega
422 2507 519 2572 curte,
545 2497 683 2580 Agnaldo
704 2511 802 2572 curte,
825 2496 1028 2577 Warningas,
1054 2494 1202 2568 Fiticjooe
1288 2488 1296 2500 ’

104 2595 202 2660 curtat
223 2585 367 2654 similiter,
379 2587 499 2666 Salona,
517 2588 569 2650 ubi
587 2588 748 2668 aedificavi]
759 2589 920 2650 ⁴ecclesiam
938 2587 1214 2659 inhonoretur:

14 2753 17 2758 ·
103 2688 166 2737 ctae
185 2677 245 2738 Dei
264 2679 413 2760 genitricis
432 2682 558 2757 Mariae,
588 2678 640 2741 ubi
665 2682 855 2762 requiescunt
878 2701 1005 2762 corpora
1024 2671 1201 2752 Sanctorum

102 2769 278 2830 Pontificum
297 2769 408 2854 Privati
426 2773 559 2852 martyris
586 2785 616 2834 et
635 2773 731 2838 Hilari
752 2773 951 2848 Confessoris,
980 2771 1118 2852 quicquid
1142 2771 1200 2830 ibi-

104 2863 170 2922 dem
197 2861 337 2920 donatum
361 2862 417 2920 luit
441 2863 487 2921 de*
505 2864 621 2924 conlata
645 2866 766 2944 populi,
795 2887 915 2926 necnon
940 2876 970 2926 et
992 2865 1031 2938 in,
1049 2863 1199 2936 Alsacinae

105 2953 160 3014 alia
179 2952 268 3028 cella,
294 2972 368 3030 quae
389 2953 494 3014 dicitur
512 2955 760 3030 Fulradovillare,
778 2956 830 3016 ubi
851 2957 973 3016 Sanctus
993 2957 1130 3033 Ypolitus
1150 2975 1199 3016 re-
1243 3018 1245 3022 ,

105 3045 242 3126 quiescit,
262 3057 293 3109 et
310 3046 397 3109 tertia
416 3047 489 3108 cella
508 3047 585 3106 inlra
604 3048 694 3106 Vesta
712 3049 844 3129 Vosago,
864 3068 950 3127 quem
969 3047 1127 3119 aedificavi,
1146 3045 1199 3124 qbi

106 3141 227 3204 sinetur
254 3138 414 3200 Cucufatus
439 3151 469 3200 et
493 3140 618 3200 Sanctus
643 3137 809 3200 Alexander
834 3140 977 3220 Martyres
1001 3138 1197 3216 requiescunt.
1261 3165 1267 3178 ·

107 3233 365 3311 Similiterquarta
385 3231 459 3294 cella
479 3232 529 3312 qui
546 3232 650 3294 diriter
667 3229 901 3306 Radullesboch,
920 3232 970 3314 ubi
990 3229 1114 3288 Sanctus
1134 3229 1198 3300 Ge:

107 3326 203 3409 argius
221 3327 391 3406 requiescite
410 3345 530 3386 necnon
549 3336 579 3387 et
599 3324 703 3404 quinta
719 3324 792 3386 cella
812 3323 862 3404 qni
881 3321 1198 3402 dicitnrHaribosting,
1245 3305 1270 3330 ⁴

107 3419 157 3480 ubi
175 3419 298 3480 Sanctus
316 3419 449 3480 Varenus
467 3417 632 3498 requiescit.
678 3417 820 3480 Similiter
837 3427 916 3480 sexta
936 3415 1024 3490 cella,
1045 3413 1101 3481 *ubi
1120 3413 1196 3482 San*

111 3523 169 3573 otuu
178 3511 283 3573 Vitalis
301 3510 470 3592 requiescit,
488 3531 577 3590 snper
594 3501 718 3572 burim
732 3512 859 3586 Necrae,
881 3509 979 3572 omnia
999 3521 1029 3568 et
1047 3507 1197 3574 eromui-

109 3606 159 3668 bus
177 3605 209 3670 in
227 3604 380 3680 Salninse,
404 3615 435 3664 et
453 3605 486 3664 in
505 3604 720 3684 Scarponinse,
752 3603 969 3678 Calmontinse,
991 3598 1029 3660 ¹et
1046 3597 1200 3677 ltoslince:
1239 3665 1249 3684 ⁸

108 3699 262 3774 Abarinse,
280 3696 480 3771 mercenaria,
498 3695 665 3773 Alamania,
684 3709 949 3776 quantumcumque
967 3695 1042 3757 visus
1062 3715 1123 3771 sum
1140 3688 1196 3764 ,ha-

111 3792 191 3867 bere,
215 3802 275 3854 tam
294 3790 396 3866 tertia,
423 3789 548 3869 mansis,
577 3791 686 3867 vineis,
711 3785 964 3870 eampis,'pratis,
988 3788 1081 3863 silvis,
1103 3787 1197 3866 aquis,

111 3902 277 3962 aquarumve
297 3881 482 3958 decursibus,
505 3881 667 3959 farinariis,
691 3881 859 3961 mancipiis,
883 3877 988 3958 deruis,
1012 3879 1138 3953 ancillis,
1157 3878 1195 3938 li·

112 3976 204 4052 dis³),
222 3975 426 4055 undecumque
445 3976 588 4038 moderno
608 3987 742 4052 tempore
762 3973 879 4036 vestitus
898 3995 975 4048 sum,
994 3985 1089 4034 totum
1108 3981 1138 4032 et
1157 3971 1195 4030 ad
1285 3985 1292 3994 ·

33 4083 35 4088 '
112 4069 251 4149 integrum
270 4087 375 4149 greges
396 4067 660 4148 compastoribus,
692 4079 722 4126 et
741 4067 821 4126 omni
839 4066 1035 4148 supellectile,
1060 4075 1090 4124 et
1109 4062 1195 4152 quid·

114 4161 176 4242 quid
194 4162 231 4223 ad
248 4157 328 4242 ipsis·
341 4155 430 4222 ¹cellas
450 4161 581 4240 aspicere
604 4159 735 4234 videtur,
753 4179 869 4234 aurum,
888 4171 1055 4240 argentum,
1080 4146 1198 4232 calices,

114 4275 251 4331 aeramen,
270 4263 442 4316 ornamenta
454 4251 603 4329 ecclesiae,
622 4251 744 4344 pptellas
760 4256 796 4314 ad
815 4253 874 4315 sale
893 4250 1058 4328 faciendum
1078 4249 1109 4310 in
1128 4251 1195 4314 vico

21 4416 37 4434 Ι
114 4349 285 4428 liodcci04),
302 4367 354 4412 seu
372 4345 504 4410 mmsalla
523 4367 592 4408 cunr
606 4345 691 4420 fossis
710 4368 819 4423 earnm,
837 4355 933 4408 totum
951 4356 983 4408 et
994 4345 1031 4406 ad
1045 4344 1195 4426 ntegrum
