2890 5092
452 443 505 540 ff„
593 512 597 522 ,
730 369 914 506 ιιι

1158 557 1162 572 ·
1236 549 1244 578 Ι

398 603 430 664 in
450 621 507 682 qua
526 600 620 662 fortes
640 581 812 660 cecidirunt
830 578 1144 680 praelis-doctissimi,
1175 586 1181 626 ·’

400 706 496 776 pater,
514 703 619 770 mater,
637 712 734 768 soror,
753 692 856 768 irater,
875 712 949 772 qnos
969 689 1055 752 amici
1073 689 1229 764 fleverant.

777 843 834 904 111.

366 963 384 1024 1
404 918 514 1043 ludite
536 976 637 1017 omnes
657 955 730 1018 lines
749 939 830 1016 terre
852 973 954 1038 errope
974 976 1040 1018 cum
1059 953 1187 1030 tristitia,

401 1049 486 1130 quale
506 1049 599 1123 scelus
620 1049 676 1110 snit
694 1048 803 1108 sactum
822 1047 997 1110 Benevento
1017 1047 1131 1111 civitas!

297 1147 305 1164 ⁸
399 1141 581 1216 Lhuduicum
601 1133 974 1222 comprenderunt'sancto
994 1140 1045 1221 pio
1071 1151 1206 1222 augusto.

364 1241 385 1302 2
403 1234 606 1296 Beneventani
624 1255 655 1296 se
676 1234 841 1294 adunarunt
860 1233 897 1294 ad
916 1253 1007 1294 unum
1027 1231 1193 1310 consilinm,

402 1325 555 1389 Adallerio
575 1325 754 1406 loquebatur
773 1337 803 1386 et
823 1325 962 1388 dicebant
981 1325 1124 1407 principi:

401 1413 445 1499 „si
464 1443 519 1484 nos
538 1421 637 1494 vivum
657 1419 844 1494 dimittemus,
865 1430 945 1480 certe
965 1439 1020 1480 nos
1037 1419 1232 1500 peribimus.“
1283 1481 1289 1490 ,
1332 1443 1341 1450 ·

364 1521 385 1582 3
405 1513 494 1594 Celns
512 1516 542 1594 ¹)
562 1534 700 1596 magnum
720 1511 888 1594 preparavit
907 1511 938 1570 in
958 1510 1042 1572 istam
1062 1512 1254 1594 provintiam,

402 1629 528 1690 regnum
548 1617 681 1666 nostrum
700 1605 787 1666 nobis
808 1604 897 1680 tollit,
916 1625 970 1666 nos
991 1605 1081 1666 habet
1100 1626 1155 1686 pro
1176 1605 1318 1684 nillilurn,

404 1700 503 1782 plures
523 1698 598 1760 mala
618 1699 705 1760 nohis
725 1699 807 1774 lecit,
826 1710 939 1760 rectum
960 1709 1003 1760 est
1022 1710 1055 1758 ut
1074 1699 1196 1760 moriad

368 1801 388 1862 4
406 1795 618 1876 Deposuerunt
637 1792 808 1872 sancto-pio
829 1792 865 1852 de
886 1812 939 1854 suo
959 1789 1084 1872 palatim

403 1885 557 1948 Adallerio
577 1884 659 1944 illurn
680 1885 806 1946 ducebat
825 1905 917 1964 usque
938 1885 975 1950 ad
994 1882 1170 1964 pretorium,

405 1979 457 2040 ille
476 1999 548 2040 vero
568 1979 664 2060 gaude
683 1977 777 2039 visum
793 1980 826 2054 2)
844 1987 992 2058 tamquam
1013 1977 1050 2036 ad
1069 1977 1242 2038 martirium.

307 2065 310 2072 ’
370 2075 390 2137 δ
408 2071 551 2155 Exierunt
570 2071 651 2132 Sado
673 2083 702 2132 et
723 2071 864 2146 saducto,
883 2069 1063 2134 invocabant
1081 2070 1208 2150 imperio

409 2165 520 2245 etipse
540 2164 730 2244 sancte÷pius
750 2162 913 2244 incipiebat
932 2164 1044 2226 dicere:
1126 2218 1129 2228 ,

407 2270 574 2338 „tamquam
595 2259 631 2320 ad
650 2257 797 2318 latronem
817 2258 936 2320 venistis
956 2278 1022 2319 cum
1042 2255 1145 2338 gladiis
1166 2269 1197 2318 et
1216 2257 1356 2320 lirstibus.

371 2357 392 2418 6
409 2350 479 2410 Fuit
497 2350 554 2410 iam
574 2370 701 2430 namque
720 2361 835 2430 tempus
853 2371 906 2412 vos
925 2349 1060 2411 allevavit
1078 2349 1110 2408 in
1130 2349 1269 2412 omnibus

410 2443 501 2504 ruodo
521 2463 592 2504 vero
612 2441 773 2504 surrexistis
793 2442 929 2510 adversus
947 2463 995 2502 me
1016 2441 1181 2520 consilium,

410 2535 511 2597 nescio
531 2556 587 2616 pro
608 2536 679 2615 quid
699 2537 826 2617 causaff)
845 2536 931 2597 vultis
950 2558 997 2601 me
1018 2535 1163 2598 occidere

373 2636 393 2698 7
413 2629 580 2691 Generacio
601 2628 724 2690 crudelis
741 2631 772 2708 ⁴)
792 2629 861 2692 veni
879 2629 1059 2707 interlicere,

412 2723 533 2784 ecclesie
554 2742 628 2802 quae
649 2721 755 2782 sanctis
774 2721 834 2782 Dei
852 2723 941 2785 venio
962 2724 1097 2806 diligere,

387 2840 392 2848 ·
411 2815 553 2896 sangnine
573 2813 642 2876 veni
661 2813 809 2874 vindicare
831 2815 912 2892 quod
931 2837 1019 2896 super
1038 2830 1147 2878 terram
1166 2814 1247 2878 fusus
1265 2821 1342 2882 est.“

375 2905 532 2971 statinus
551 2905 601 2986 ille
621 2916 762 2968 temtator
781 2917 882 2973 ratum
895 2909 990 2988 adque
1011 2911 1134 2972 nornine

376 3017 382 3024 ·
413 3021 554 3068 coronam
573 2998 690 3080 imperii
709 2998 766 3060 sibi
785 2999 816 3058 in
837 3013 925 3082 caput
943 3014 1037 3082 ponet
1056 3015 1087 3064 et
1102 3002 1218 3066 dicebat
1233 3004 1367 3086 populo:

412 3113 503 3170 „ecce
522 3115 618 3156 sumus
638 3093 810 3174 imperator,
829 3115 948 3174 possum
966 3095 1051 3156 vobis
1070 3102 1204 3179 regere.“

376 3192 396 3253 9
415 3186 490 3248 Leto
511 3187 609 3250 animo
629 3185 758 3246 habebat
778 3187 815 3259 de
834 3187 899 3264 illo,
919 3193 977 3268 quo
998 3189 1120 3268 fecerat,

412 3302 429 3342 a
450 3279 589 3341 demonio
609 3289 729 3341 vexatur
748 3280 785 3342 ad
803 3290 913 3342 terram
934 3282 1091 3361 ceciderat,

413 3373 545 3434 exierunt
562 3373 671 3435 multae
690 3385 803 3438 turmae
822 3374 923 3438 videre
932 3376 1096 3438 mirabilia.

357 3468 395 3530 1⁰
413 3466 538 3546 Magnus
558 3467 692 3528 dominus
711 3467 796 3532 Jesus
818 3466 950 3530 Christus
969 3470 1107 3532 iudicavit
1125 3471 1276 3552 iudicium,

413 3556 505 3618 Multa
526 3578 598 3638 gens
618 3560 805 3642 Paganorum
826 3562 883 3622 exit
901 3561 933 3622 in
955 3561 1102 3641 Calabria,

402 3671 503 3732 super
522 3651 646 3716 Salerno
666 3665 875 3734 pervenerunt,
894 3655 1045 3736 possidere
1064 3658 1173 3720 civitas.
1218 3661 1224 3672 '

358 3749 394 3810 11
415 3745 549 3804 Juratum
570 3756 614 3806 est
633 3745 670 3806 a'd
689 3758 788 3808 sancte
808 3747 866 3808 Dei
885 3741 1018 3827 reliquie.

413 3836 476 3916 ipse
495 3859 619 3921 regnum
639 3839 857 3903 defendendum
878 3852 908 3902 et
927 3840 1016 3905 alium
1034 3844 1195 3924 requirere.

262 3995 463 4012 m

293 4089 325 4150 ,¹2
339 4087 427 4138 Scelus.

155 4213 164 4226 .
299 4137 327 4207 Ιθ)
339 4155 480 4213 gaudericus
490 4177 499 4199 ι
509 4155 611 4215 gavisus.
637 4161 760 4208 vteuetchr
772 4123 804 4207 iet
815 4159 851 4208 illl
865 4175 896 4206 au
908 4161 1037 4207 schreiben.

187 4267 201 4284 ,
305 4223 328 4274 ⁸)
341 4223 463 4272 llielleinlrt
476 4224 505 4269 iet
516 4239 546 4270 zu
560 4225 623 4274 lesen
637 4239 768 4274 calceat-um.
853 4230 874 4280 ¹)
889 4229 934 4274 Die
943 4229 1084 4282 Sererenerr.
