2900 5086
371 615 453 676 Haec
472 623 541 674 sunt
559 611 687 690 decreta,
705 631 781 694 qnae
801 609 954 675 constituit
970 617 1069 672 sancta
1089 607 1239 692 synodus,
1258 607 1294 669 in
1316 610 1380 672 loco

316 708 373 793 q‘ut
386 707 491 769 dicitur
509 705 745 790 Dingolvingen,
762 706 884 768 Domno
905 701 1041 766 Thasailo
1059 703 1217 764 mediante.

334 805 383 864 De
403 800 450 862 die
469 799 630 860 Dominico
650 800 694 887 ita
711 801 901 862 constitutum
921 808 981 874 est,
1010 805 1044 856 ut
1062 797 1114 857 tali
1132 795 1252 858 honore
1270 793 1381 858 lrabea-

277 908 341 974 tur,
370 895 444 980 sicut
468 892 499 952 in
525 890 592 976 lege
618 893 836 976 scriptumest,
867 904 898 954 et
916 892 948 952 in
968 891 1093 952 decretis
1113 911 1278 974 canonum,
1311 902 1341 952 et
1358 889 1381 952 si

279 991 349 1072 quid
368 985 595 1068 praesumpserit
614 985 751 1069 frangere
772 996 874 1046 contra
893 984 1001 1068 legem,
1025 995 1075 1046 aut
1095 984 1212 1044 decreta
1233 1003 1380 1044 canonum

277 1082 330 1143 tali
348 1101 446 1161 poena
465 1079 623 1156 subiaceat,
642 1079 717 1140 sicut
735 1079 778 1138 ibi
796 1079 936 1159 scriptum
957 1087 1009 1139 est
1043 1077 1092 1136 De
1111 1075 1286 1152 hereditate,
1308 1097 1379 1158 quae

277 1173 383 1234 tradita
404 1171 503 1232 estad
526 1171 700 1248 Ecclesiam,
730 1173 771 1232 ita
790 1171 958 1247 constituit,
987 1179 1021 1229 nt
1045 1169 1173 1249 quisquis
1192 1168 1378 1230 heriditatem

277 1285 359 1327 auam
378 1263 415 1326 ad
433 1265 594 1326 Ecclesiam
614 1275 681 1324 ante
701 1265 871 1339 donaverat,
890 1275 941 1324 aut
959 1273 1061 1346 postca
1082 1261 1248 1342 donaverit,
1266 1261 1293 1322 si
1314 1261 1379 1342 quid

279 1370 393 1422 mutare
418 1358 559 1434 voluerit,
591 1357 718 1418 chartam
746 1355 958 1425 snam,habeat
981 1357 1022 1416 ita
1045 1355 1200 1436 scriptam,
1230 1366 1266 1416 ut
1284 1355 1379 1416 locum

276 1464 308 1513 et
331 1463 446 1532 tempus
472 1463 502 1512 et
526 1468 681 1531 personam
706 1449 842 1527 habeat,¹
861 1464 912 1512 aut
934 1451 1029 1512 tribus
1048 1447 1171 1511 testibus
1192 1445 1331 1508 fidelibus
1350 1459 1376 1507 et

276 1543 428 1606 nobilibus
446 1542 643 1603 testificetur.'
665 1543 699 1604 Si
724 1545 860 1606 sacerdos
884 1563 948 1604 non
972 1543 1081 1605 lrabeat
1111 1539 1240 1603 chartam
1259 1561 1318 1601 nec
1335 1552 1377 1600 te-

277 1648 361 1711 stem,
380 1639 413 1701 'ut
431 1635 635 1714 praediximus,
653 1649 725 1698 tunc
744 1636 819 1697 sicut
838 1637 869 1696 in
889 1634 1226 1720 lcgeBaioariornrn1),
1247 1627 1280 1694 et
1297 1631 1377 1694 index

276 1730 401 1804 iudicat,
430 1726 471 1788 sic
496 1728 643 1790 defendat.
682 1729 730 1793 De
756 1749 791 1790 co
813 1731 893 1810 quod
912 1730 1055 1812 Episcopi
1073 1729 1151 1788 iuxta
1170 1741 1317 1802 canones,
1347 1737 1374 1788 et

276 1823 409 1886 Abbates
429 1821 672 1882 monasteriorum
700 1823 777 1882 iuxta
801 1823 932 1905 regulam
957 1824 1122 1898 viventem,
1153 1821 1194 1881 ita
1218 1822 1374 1881 constitnit.

277 1917 326 1977 De
347 1937 406 1992 eo,
438 1913 519 1994 quod
538 1915 829 1990 sanctaemoniales,
860 1935 933 1996 quae
953 1915 985 1975 in
1005 1916 1124 1978 servitio
1143 1913 1306 1990 Beiram,
1338 1915 1376 1974 ita

233 2037 235 2046 ¹
278 2006 444 2079 constitnit3
476 2019 510 2066 ut
533 2005 629 2066 nullus
654 2029 738 2070 ausus
763 2008 850 2068 sitin
870 2009 1041 2100 coniugium
1061 2009 1141 2097 etin
1160 2007 1376 2068 matrimonium

278 2101 408 2162 ducere·
433 2099 494 2158 Aut
513 2097 537 2158 ai
557 2099 620 2178 quis
640 2120 722 2162 ausus
743 2101 846 2178 luerit,
877 2113 981 2162 contra
1001 2103 1120 2163 decreta
1144 2119 1308 2177 canonum,
1338 2102 1375 2162 ita

278 2205 449 2274 componat,
468 2193 543 2255 sicut
555 2213 683 2256 canones
700 2195 902 2257 decreverunt.
933 2196 980 2254 De
995 2215 1042 2271 eo,
1062 2195 1142 2276 quod
1161 2195 1205 2254 ius
1225 2196 1263 2255 ad
1282 2195 1375 2278 legem

278 2307 365 2368 quam
384 2269 553 2350 Habuerunt
571 2287 602 2346 in
623 2287 724 2350 diebus
743 2289 833 2368 patris
853 2288 914 2364 sui,
944 2287 1059 2349 nobiles
1086 2301 1116 2349 et
1140 2287 1227 2348 liberi
1255 2299 1284 2347 et
1301 2289 1376 2350 servi

278 2379 351 2454 eius,
369 2379 410 2439 ita
431 2382 624 2457 donaverunt,
644 2393 677 2440 ut
696 2379 778 2440 firma
797 2379 888 2441 fieret
926 2380 975 2441 De
995 2401 1049 2458 eo,
1076 2381 1156 2462 qnod
1174 2392 1213 2440 nt
1226 2381 1252 2440 si
1272 2382 1376 2462 quide

276 2471 373 2533 nobili
393 2493 503 2554 genere
523 2474 560 2534 de
579 2471 742 2533 hereditate
762 2494 812 2534 sua
832 2473 903 2534 dare
924 2474 960 2535 ad
979 2476 1174 2538 sanctuarium
1187 2473 1258 2549 Dei,
1278 2474 1309 2533 in
1328 2495 1375 2535 sua

162 2645 168 2658 ·
268 2577 426 2648 potestate
452 2577 541 2641 esset,
566 2585 622 2626 nec
646 2577 788 2643 mutaret,
812 2567 843 2627 in
869 2579 1052 2650 perpetuum.
1096 2569 1145 2629 De
1166 2587 1218 2643 eo,
1246 2567 1327 2647 quod
1345 2580 1375 2629 nt

277 2659 355 2720 servl
373 2658 519 2740 Principis
538 2659 589 2740 qui
609 2653 745 2720 dicuntur
762 2661 946 2738 Adelscallre,
964 2673 998 2721 ut
1015 2682 1097 2722 suam
1115 2659 1243 2721 habeant
1263 2661 1374 2722 Were-

278 2752 405 2832 geldam,
424 2751 501 2812 iuxta
519 2771 632 2812 morem
654 2772 740 2829 quem
760 2740 945 2829 ha'buemnt,
964 2754 1018 2814 sula
1040 2751 1218 2836 parentibus,
1238 2765 1270 2814 et
1288 2756 1375 2815 ceteri

277 2844 406 2902 minores
416 2841 596 2924 Weregeldi
615 2843 690 2901 iuxta
711 2841 806 2923 legem
827 2863 917 2921 suam,
936 2846 977 2908 ita
997 2845 1157 2908 constituit.
1187 2845 1235 2905 Da
1248 2867 1284 2907 eo
1297 2849 1375 2928 quod

278 2928 416 3016 parentes
448 2931 608 3016 Principis,
648 2935 853 3016 quodcumqae
882 2951 1060 3019 praestatum
1084 2939 1199 3014 fuisset,
1227 2937 1376 3000 nobilibus
1432 2985 1433 2988 ,

216 3086 217 3095 ,
277 3029 355 3088 intra
367 3026 519 3095 Baioarios
537 3027 595 3090 hoc
616 3029 783 3092 constituit:
803 3029 847 3090 Ut
865 3044 1052 3111 permaneret
1071 3043 1101 3092 et
1120 3041 1195 3091 esset
1214 3029 1266 3090 sub
1285 3043 1376 3111 pote-

135 3117 139 3132 '
175 3191 186 3204 ,
277 3133 353 3184 state
372 3121 597 3202 uniuscuiusque
617 3122 819 3200 reliquendam
838 3124 978 3203 posteris,
1008 3125 1146 3205 quamdiu
1171 3121 1290 3185 stabiles
1310 3125 1376 3186 toc-

279 3217 349 3277 dere
374 3213 535 3276 servassent
559 3213 636 3296 apud
661 3216 844 3296 Principem,
874 3217 911 3278 ad
933 3218 1118 3280 serviendum
1144 3217 1215 3293 sibi,
1249 3229 1280 3278 et
1304 3219 1375 3280 haec

279 3309 361 3369 firma
381 3321 578 3389 parmaneret,
596 3310 637 3370 ita
657 3309 817 3370 constituit.

335 3401 383 3459 De
408 3422 463 3478 eo,
488 3414 521 3461 ut
545 3401 642 3462 nullus
662 3403 698 3462 de
722 3401 885 3462 hereditate
909 3421 958 3463 sua
985 3404 1131 3483 privetur,
1157 3405 1214 3466 nisi
1239 3427 1296 3486 per
1317 3417 1376 3468 tres

279 3513 388 3567 causas,
408 3499 477 3572 quas
496 3493 528 3552 in
547 3505 635 3573 pacto
655 3493 866 3555 scriberentur:
891 3505 1016 3576 propter
1034 3496 1237 3576 homicidium,
1255 3499 1315 3560 hoc
1336 3509 1376 3561 est

278 3595 312 3644 ut
332 3585 460 3664 quisquis
480 3584 629 3649 hominem
648 3600 808 3666 componet
827 3584 986 3650 secundum
1010 3589 1122 3671 legem,
1150 3603 1221 3653 tunc
1246 3593 1376 3672 privetur

279 3677 441 3738 hereditate
460 3699 519 3740 sua.
558 3679 605 3738 De
625 3695 678 3754 eo,
705 3679 835 3760 quisquis
853 3681 1006 3744 mulierem
1025 3683 1157 3744 nobilem
1177 3686 1328 3764 acceperit
1346 3686 1375 3744 in

188 3807 191 3814 ·
280 3771 460 3851 coniugium,
479 3783 510 3830 et
529 3781 591 3832 nou
611 3773 775 3853 praescivit,
794 3774 834 3834 ita
854 3775 1021 3851 constituit,
1039 3787 1073 3836 ut
1091 3777 1195 3840 iterum
1215 3775 1310 3837 libera
1332 3797 1375 3838 es-

279 3875 340 3940 set,
368 3863 493 3924 dimittat
516 3885 630 3928 servum
655 3877 686 3926 et
704 3876 807 3946 postea
826 3887 888 3927 non
907 3869 1058 3951 redigatur
1075 3869 1106 3928 in
1125 3870 1293 3946 servitium,
1326 3871 1375 3932 sed

168 3959 183 3972 ‘
279 3969 355 4020 esset
379 3957 480 4016 libera.
518 3958 565 4018 De
593 3979 629 4018 eo
650 3959 729 4039 quod
756 3959 810 4020 etsi
835 3960 899 4040 quis
925 3961 961 4022 de
986 3975 1269 4047 quocunque'reatu
1288 3985 1373 4024 accua

279 4061 355 4112 satus
382 4049 418 4111 ab
444 4047 542 4128 aliquo
567 4062 742 4130 potestatem
762 4053 901 4136 accipiat,
925 4074 991 4114 cum
1010 4066 1179 4116 accusatore
1198 4076 1252 4116 suo
1272 4055 1372 4136 pacifi-

320 4257 340 4308 ¹)
356 4257 405 4303 Tit.
420 4259 447 4314 l,
466 4271 516 4315 cap.
533 4263 556 4306 t.
588 4261 667 4321 vogn.
684 4263 824 4322 Georgr'selr,
848 4263 1304 4330 dorp.1nr.(isrnran.ant.p.1ttt.§.
1321 4269 1370 4314 215.

279 4319 327 4366 Lar
340 4323 552 4390 Alamannor.,'l'it.
566 4329 588 4385 1,
601 4327 621 4388 ᾗ.
639 4334 662 4374 1.
689 4330 721 4388 ΙΙ,
736 4332 757 4390 t.
769 4337 790 4382 1.
803 4337 825 4382 2.
838 4332 885 4380 Tit.
897 4329 963 4380 XlX.
995 4332 1172 4389 danamarcam,
1194 4331 1298 4378 Vareuelr
1313 4335 1371 4376 sinan

278 4385 556 4514 ἶίῗιεξὲἑξὲῆηοζε
567 4397 609 4439 dor
620 4393 775 4453 allssmsa'nera
787 4396 909 4442 tenram·
923 4396 1009 4443 tuom
1021 4398 1176 4457 monuwa,
1187 4401 1234 4447 Ta.
1247 4401 1280 4457 ll,
1294 4400 1319 4446 8.
1329 4400 1370 4442 aot
