<?xml version="1.0" encoding="UTF-8"?>
<!DOCTYPE html PUBLIC "-//W3C//DTD XHTML 1.0 Transitional//EN"
    "http://www.w3.org/TR/xhtml1/DTD/xhtml1-transitional.dtd">
<html xmlns="http://www.w3.org/1999/xhtml" xml:lang="en" lang="en">
 <head>
  <title>
</title>
<meta http-equiv="Content-Type" content="text/html;charset=utf-8" />
  <meta name='ocr-system' content='tesseract 3.04.00' />
  <meta name='ocr-capabilities' content='ocr_page ocr_carea ocr_par ocr_line ocrx_word'/>
</head>
<body>
  <div class='ocr_page' id='page_1' title='image "./lebenundwandelk00egingoog_0108.png"; bbox 0 0 2908 5094; ppageno 0'>
   <div class='ocr_carea' id='block_1_1' title="bbox 252 613 1368 1068">
    <p class='ocr_par' dir='ltr' id='par_1_1' title="bbox 252 613 1368 1068">
     <span class='ocr_line' id='line_1_1' title="bbox 256 613 1362 698; baseline 0.002 -22"><span class='ocrx_word' id='word_1_1' title='bbox 256 615 334 680; x_wconf 87' lang='lat' dir='ltr'><strong>diem</strong></span> <span class='ocrx_word' id='word_1_2' title='bbox 354 633 420 675; x_wconf 86' lang='lat' dir='ltr'><strong>eum</strong></span> <span class='ocrx_word' id='word_1_3' title='bbox 441 613 564 676; x_wconf 84' lang='lat' dir='ltr'><strong>Graecis</strong></span> <span class='ocrx_word' id='word_1_4' title='bbox 584 623 615 674; x_wconf 89' lang='lat' dir='ltr'><strong>et</strong></span> <span class='ocrx_word' id='word_1_5' title='bbox 635 613 717 698; x_wconf 85' lang='lat' dir='ltr'><strong>Syris</strong></span> <span class='ocrx_word' id='word_1_6' title='bbox 736 614 848 695; x_wconf 82' lang='lat' dir='ltr'><strong>optime</strong></span> <span class='ocrx_word' id='word_1_7' title='bbox 868 614 1084 692; x_wconf 74' lang='lat' dir='ltr'><strong>conexerw).</strong></span> <span class='ocrx_word' id='word_1_8' title='bbox 1117 613 1262 694; x_wconf 78' lang='lat' dir='ltr'>Sequenti</span> <span class='ocrx_word' id='word_1_9' title='bbox 1282 633 1362 678; x_wconf 88' lang='lat' dir='ltr'><strong>vero</strong></span> 
     </span>
     <span class='ocr_line' id='line_1_2' title="bbox 256 704 1365 790; baseline 0.001 -21"><span class='ocrx_word' id='word_1_10' title='bbox 256 709 350 785; x_wconf 76' lang='lat' dir='ltr'><strong>auno,</strong></span> <span class='ocrx_word' id='word_1_11' title='bbox 367 709 416 788; x_wconf 88' lang='lat' dir='ltr'><strong>qui</strong></span> <span class='ocrx_word' id='word_1_12' title='bbox 437 719 480 769; x_wconf 85' lang='lat' dir='ltr'><strong>est</strong></span> <span class='ocrx_word' id='word_1_13' title='bbox 500 727 592 769; x_wconf 86' lang='lat' dir='ltr'><strong>annus</strong></span> <span class='ocrx_word' id='word_1_14' title='bbox 611 707 698 790; x_wconf 81' lang='lat' dir='ltr'><strong>regni</strong></span> <span class='ocrx_word' id='word_1_15' title='bbox 718 707 779 769; x_wconf 87' lang='lat' dir='ltr'><strong>eius</strong></span> <span class='ocrx_word' id='word_1_16' title='bbox 799 711 853 782; x_wconf 75' lang='lat' dir='ltr'><strong>ts,</strong></span> <span class='ocrx_word' id='word_1_17' title='bbox 880 725 981 768; x_wconf 80' lang='lat' dir='ltr'><strong>mense</strong></span> <span class='ocrx_word' id='word_1_18' title='bbox 1006 704 1144 766; x_wconf 83' lang='lat' dir='ltr'><strong>Ianuario</strong></span> <span class='ocrx_word' id='word_1_19' title='bbox 1164 708 1281 788; x_wconf 86' lang='lat' dir='ltr'><strong>accepit</strong></span> <span class='ocrx_word' id='word_1_20' title='bbox 1301 709 1365 770; x_wconf 89' lang='lat' dir='ltr'><strong>do-</strong></span> 
     </span>
     <span class='ocr_line' id='line_1_3' title="bbox 252 798 1368 883; baseline 0.002 -22"><span class='ocrx_word' id='word_1_21' title='bbox 252 821 353 862; x_wconf 86' lang='lat' dir='ltr'><strong>mnum</strong></span> <span class='ocrx_word' id='word_1_22' title='bbox 373 803 581 883; x_wconf 81' lang='lat' dir='ltr'>imperatorem</span> <span class='ocrx_word' id='word_1_23' title='bbox 599 811 668 881; x_wconf 83' lang='lat' dir='ltr'><strong>post</strong></span> <span class='ocrx_word' id='word_1_24' title='bbox 685 799 821 860; x_wconf 88' lang='lat' dir='ltr'><strong>balneum</strong></span> <span class='ocrx_word' id='word_1_25' title='bbox 840 799 940 860; x_wconf 76' lang='lat' dir='ltr'><strong>febris.</strong></span> <span class='ocrx_word' id='word_1_26' title='bbox 987 798 1121 882; x_wconf 80' lang='lat' dir='ltr'>Cumque</span> <span class='ocrx_word' id='word_1_27' title='bbox 1150 819 1205 880; x_wconf 88' lang='lat' dir='ltr'><strong>per</strong></span> <span class='ocrx_word' id='word_1_28' title='bbox 1223 801 1368 883; x_wconf 72' lang='lat' dir='ltr'><strong>singulos</strong></span> 
     </span>
     <span class='ocr_line' id='line_1_4' title="bbox 254 887 1367 978; baseline 0.002 -24"><span class='ocrx_word' id='word_1_29' title='bbox 254 893 315 955; x_wconf 89' lang='lat' dir='ltr'><strong>dies</strong></span> <span class='ocrx_word' id='word_1_30' title='bbox 335 887 461 977; x_wconf 73' lang='lat' dir='ltr'><strong>languor</strong></span> <span class='ocrx_word' id='word_1_31' title='bbox 480 895 711 978; x_wconf 77' lang='lat' dir='ltr'><strong>ingravesceret,</strong></span> <span class='ocrx_word' id='word_1_32' title='bbox 740 893 813 952; x_wconf 86' lang='lat' dir='ltr'><strong>nihil</strong></span> <span class='ocrx_word' id='word_1_33' title='bbox 844 893 1000 954; x_wconf 88' lang='lat' dir='ltr'><strong>comedens</strong></span> <span class='ocrx_word' id='word_1_34' title='bbox 1025 913 1122 972; x_wconf 89' lang='lat' dir='ltr'><strong>neque</strong></span> <span class='ocrx_word' id='word_1_35' title='bbox 1147 893 1268 970; x_wconf 86' lang='lat' dir='ltr'><strong>bibens,</strong></span> <span class='ocrx_word' id='word_1_36' title='bbox 1300 895 1367 956; x_wconf 84' lang='lat' dir='ltr'><strong>nisi</strong></span> 
     </span>
     <span class='ocr_line' id='line_1_5' title="bbox 253 983 1363 1068; baseline 0.002 -21"><span class='ocrx_word' id='word_1_37' title='bbox 253 988 400 1048; x_wconf 87' lang='lat' dir='ltr'><strong>modicum</strong></span> <span class='ocrx_word' id='word_1_38' title='bbox 420 1008 512 1067; x_wconf 89' lang='lat' dir='ltr'><strong>aquae</strong></span> <span class='ocrx_word' id='word_1_39' title='bbox 533 989 569 1048; x_wconf 92' lang='lat' dir='ltr'><strong>ad</strong></span> <span class='ocrx_word' id='word_1_40' title='bbox 588 983 798 1048; x_wconf 77' lang='lat' dir='ltr'><strong>recreatienem</strong></span> <span class='ocrx_word' id='word_1_41' title='bbox 819 986 963 1066; x_wconf 86' lang='lat' dir='ltr'><strong>corporis,</strong></span> <span class='ocrx_word' id='word_1_42' title='bbox 983 985 1108 1066; x_wconf 88' lang='lat' dir='ltr'><strong>septimo</strong></span> <span class='ocrx_word' id='word_1_43' title='bbox 1129 985 1176 1046; x_wconf 88' lang='lat' dir='ltr'><strong>die</strong></span> <span class='ocrx_word' id='word_1_44' title='bbox 1193 999 1363 1068; x_wconf 68' lang='lat' dir='ltr'><strong>postquam</strong></span> 
     </span>
    </p>
   </div>
   <div class='ocr_carea' id='block_1_2' title="bbox 254 1077 1454 1159">
    <p class='ocr_par' dir='ltr' id='par_1_2' title="bbox 254 1077 1454 1159">
     <span class='ocr_line' id='line_1_6' title="bbox 254 1077 1454 1159; baseline -0.003 -18"><span class='ocrx_word' id='word_1_45' title='bbox 254 1081 389 1141; x_wconf 81' lang='lat' dir='ltr'><strong>laborare</strong></span> <span class='ocrx_word' id='word_1_46' title='bbox 416 1081 500 1142; x_wconf 81' lang='lat' dir='ltr'><strong>niunis</strong></span> <span class='ocrx_word' id='word_1_47' title='bbox 525 1101 621 1142; x_wconf 88' lang='lat' dir='ltr'><strong>secum</strong></span> <span class='ocrx_word' id='word_1_48' title='bbox 648 1080 762 1159; x_wconf 86' lang='lat' dir='ltr'><strong>eoepit,</strong></span> <span class='ocrx_word' id='word_1_49' title='bbox 791 1078 873 1139; x_wconf 90' lang='lat' dir='ltr'><strong>iussit</strong></span> <span class='ocrx_word' id='word_1_50' title='bbox 902 1077 1153 1140; x_wconf 79' lang='lat' dir='ltr'><strong>familiarissimum</strong></span> <span class='ocrx_word' id='word_1_51' title='bbox 1184 1081 1366 1159; x_wconf 85' lang='lat' dir='ltr'><strong>pontificem</strong></span> <span class='ocrx_word' id='word_1_52' title='bbox 1453 1097 1454 1138; x_wconf 58' lang='lat' dir='ltr'><em>z</em></span> 
     </span>
    </p>
   </div>
   <div class='ocr_carea' id='block_1_3' title="bbox 212 1171 1365 1719">
    <p class='ocr_par' dir='ltr' id='par_1_3' title="bbox 212 1171 1365 1719">
     <span class='ocr_line' id='line_1_7' title="bbox 220 1171 1365 1249; baseline -0.001 -14"><span class='ocrx_word' id='word_1_53' title='bbox 220 1171 224 1180; x_wconf 81' lang='grc'><strong>“</strong></span> <span class='ocrx_word' id='word_1_54' title='bbox 253 1195 336 1235; x_wconf 87' lang='lat' dir='ltr'><strong>suum</strong></span> <span class='ocrx_word' id='word_1_55' title='bbox 357 1173 555 1234; x_wconf 87' lang='lat' dir='ltr'><strong>Hildibaldum</strong></span> <span class='ocrx_word' id='word_1_56' title='bbox 575 1173 675 1234; x_wconf 88' lang='lat' dir='ltr'><strong>venire</strong></span> <span class='ocrx_word' id='word_1_57' title='bbox 695 1173 731 1234; x_wconf 92' lang='lat' dir='ltr'><strong>ad</strong></span> <span class='ocrx_word' id='word_1_58' title='bbox 750 1193 791 1249; x_wconf 87' lang='lat' dir='ltr'><strong>se,</strong></span> <span class='ocrx_word' id='word_1_59' title='bbox 816 1183 850 1232; x_wconf 86' lang='lat' dir='ltr'><strong>ut</strong></span> <span class='ocrx_word' id='word_1_60' title='bbox 870 1172 897 1233; x_wconf 88' lang='lat' dir='ltr'><strong>ei</strong></span> <span class='ocrx_word' id='word_1_61' title='bbox 916 1183 1095 1234; x_wconf 85' lang='lat' dir='ltr'><strong>sacramenta</strong></span> <span class='ocrx_word' id='word_1_62' title='bbox 1121 1171 1262 1233; x_wconf 87' lang='lat' dir='ltr'><strong>dominici</strong></span> <span class='ocrx_word' id='word_1_63' title='bbox 1288 1194 1365 1234; x_wconf 83' lang='lat' dir='ltr'><strong>cor-</strong></span> 
     </span>
     <span class='ocr_line' id='line_1_8' title="bbox 252 1264 1365 1347; baseline 0.001 -21"><span class='ocrx_word' id='word_1_64' title='bbox 252 1267 334 1347; x_wconf 88' lang='lat' dir='ltr'><strong>poris</strong></span> <span class='ocrx_word' id='word_1_65' title='bbox 355 1278 385 1326; x_wconf 91' lang='lat' dir='ltr'><strong>et</strong></span> <span class='ocrx_word' id='word_1_66' title='bbox 402 1265 549 1346; x_wconf 82' lang='lat' dir='ltr'><strong>sanguinis</strong></span> <span class='ocrx_word' id='word_1_67' title='bbox 569 1264 723 1340; x_wconf 72' lang='lat' dir='ltr'><strong>tribueret,</strong></span> <span class='ocrx_word' id='word_1_68' title='bbox 742 1277 774 1324; x_wconf 90' lang='lat' dir='ltr'><strong>ut</strong></span> <span class='ocrx_word' id='word_1_69' title='bbox 794 1266 900 1326; x_wconf 83' lang='lat' dir='ltr'><strong>exitum</strong></span> <span class='ocrx_word' id='word_1_70' title='bbox 920 1287 1003 1326; x_wconf 86' lang='lat' dir='ltr'><strong>suum</strong></span> <span class='ocrx_word' id='word_1_71' title='bbox 1023 1265 1221 1326; x_wconf 78' lang='lat' dir='ltr'><strong>confirmaret.</strong></span> <span class='ocrx_word' id='word_1_72' title='bbox 1263 1267 1365 1342; x_wconf 87' lang='lat' dir='ltr'><strong>Quod</strong></span> 
     </span>
     <span class='ocr_line' id='line_1_9' title="bbox 212 1355 1363 1438; baseline -0.001 -19"><span class='ocrx_word' id='word_1_73' title='bbox 212 1373 220 1390; x_wconf 81' lang='lat'><strong><em>‘</em></strong></span> <span class='ocrx_word' id='word_1_74' title='bbox 253 1360 376 1434; x_wconf 74' lang='lat' dir='ltr'><strong>suenum,</strong></span> <span class='ocrx_word' id='word_1_75' title='bbox 391 1357 535 1419; x_wconf 82' lang='lat' dir='ltr'><strong>laboravit</strong></span> <span class='ocrx_word' id='word_1_76' title='bbox 554 1357 584 1415; x_wconf 89' lang='lat' dir='ltr'><strong>in</strong></span> <span class='ocrx_word' id='word_1_77' title='bbox 603 1355 771 1418; x_wconf 83' lang='lat' dir='ltr'><strong>infirmitate</strong></span> <span class='ocrx_word' id='word_1_78' title='bbox 792 1359 869 1420; x_wconf 88' lang='lat' dir='ltr'><strong>diem</strong></span> <span class='ocrx_word' id='word_1_79' title='bbox 888 1359 970 1423; x_wconf 85' lang='lat' dir='ltr'><strong>iilum</strong></span> <span class='ocrx_word' id='word_1_80' title='bbox 991 1371 1021 1420; x_wconf 88' lang='lat' dir='ltr'><strong>et</strong></span> <span class='ocrx_word' id='word_1_81' title='bbox 1038 1370 1158 1419; x_wconf 85' lang='lat' dir='ltr'><strong>noctem</strong></span> <span class='ocrx_word' id='word_1_82' title='bbox 1172 1369 1363 1438; x_wconf 79' lang='lat' dir='ltr'><strong>sequentem,</strong></span> 
     </span>
     <span class='ocr_line' id='line_1_10' title="bbox 252 1449 1364 1532; baseline -0.002 -18"><span class='ocrx_word' id='word_1_83' title='bbox 252 1453 289 1514; x_wconf 91' lang='lat' dir='ltr'><strong>In</strong></span> <span class='ocrx_word' id='word_1_84' title='bbox 309 1453 474 1514; x_wconf 84' lang='lat' dir='ltr'><strong>crastimunr</strong></span> <span class='ocrx_word' id='word_1_85' title='bbox 493 1471 577 1524; x_wconf 89' lang='lat' dir='ltr'><strong>vero,</strong></span> <span class='ocrx_word' id='word_1_86' title='bbox 596 1449 661 1510; x_wconf 80' lang='lat' dir='ltr'><strong>duee</strong></span> <span class='ocrx_word' id='word_1_87' title='bbox 681 1449 871 1528; x_wconf 80' lang='lat' dir='ltr'><strong>adveniente,</strong></span> <span class='ocrx_word' id='word_1_88' title='bbox 896 1451 989 1512; x_wconf 86' lang='lat' dir='ltr'><strong>sciens</strong></span> <span class='ocrx_word' id='word_1_89' title='bbox 1018 1453 1098 1532; x_wconf 90' lang='lat' dir='ltr'><strong>quod</strong></span> <span class='ocrx_word' id='word_1_90' title='bbox 1128 1452 1256 1512; x_wconf 84' lang='lat' dir='ltr'><strong>facturus</strong></span> <span class='ocrx_word' id='word_1_91' title='bbox 1281 1463 1364 1527; x_wconf 77' lang='lat' dir='ltr'><strong>erat,</strong></span> 
     </span>
     <span class='ocr_line' id='line_1_11' title="bbox 253 1543 1361 1627; baseline -0.002 -21"><span class='ocrx_word' id='word_1_92' title='bbox 253 1557 368 1606; x_wconf 85' lang='lat' dir='ltr'><strong>extensa</strong></span> <span class='ocrx_word' id='word_1_93' title='bbox 387 1565 476 1604; x_wconf 88' lang='lat' dir='ltr'><strong>manu</strong></span> <span class='ocrx_word' id='word_1_94' title='bbox 496 1543 623 1618; x_wconf 86' lang='lat' dir='ltr'><strong>dextera,</strong></span> <span class='ocrx_word' id='word_1_95' title='bbox 641 1543 750 1606; x_wconf 87' lang='lat' dir='ltr'><strong>virtute</strong></span> <span class='ocrx_word' id='word_1_96' title='bbox 771 1565 827 1624; x_wconf 87' lang='lat' dir='ltr'><strong>qua</strong></span> <span class='ocrx_word' id='word_1_97' title='bbox 847 1555 980 1624; x_wconf 84' lang='lat' dir='ltr'><strong>poterat,</strong></span> <span class='ocrx_word' id='word_1_98' title='bbox 1005 1545 1121 1627; x_wconf 84' lang='lat' dir='ltr'><strong>signum</strong></span> <span class='ocrx_word' id='word_1_99' title='bbox 1147 1556 1264 1604; x_wconf 87' lang='lat' dir='ltr'><strong>sanetae</strong></span> <span class='ocrx_word' id='word_1_100' title='bbox 1284 1563 1361 1604; x_wconf 86' lang='lat' dir='ltr'><strong>cru-</strong></span> 
     </span>
     <span class='ocr_line' id='line_1_12' title="bbox 252 1636 1362 1719; baseline -0.004 -20"><span class='ocrx_word' id='word_1_101' title='bbox 252 1639 292 1700; x_wconf 89' lang='lat' dir='ltr'><strong>cis</strong></span> <span class='ocrx_word' id='word_1_102' title='bbox 313 1637 404 1698; x_wconf 83' lang='lat' dir='ltr'><strong>fronti</strong></span> <span class='ocrx_word' id='word_1_103' title='bbox 423 1636 602 1716; x_wconf 85' lang='lat' dir='ltr'><strong>imprimens,</strong></span> <span class='ocrx_word' id='word_1_104' title='bbox 623 1647 653 1696; x_wconf 88' lang='lat' dir='ltr'><strong>et</strong></span> <span class='ocrx_word' id='word_1_105' title='bbox 672 1657 761 1716; x_wconf 87' lang='lat' dir='ltr'><strong>super</strong></span> <span class='ocrx_word' id='word_1_106' title='bbox 779 1648 881 1717; x_wconf 82' lang='lat' dir='ltr'><strong>pectus</strong></span> <span class='ocrx_word' id='word_1_107' title='bbox 901 1647 932 1698; x_wconf 91' lang='lat' dir='ltr'><strong>et</strong></span> <span class='ocrx_word' id='word_1_108' title='bbox 950 1657 1039 1698; x_wconf 83' lang='lat' dir='ltr'><strong>omne</strong></span> <span class='ocrx_word' id='word_1_109' title='bbox 1067 1659 1175 1719; x_wconf 86' lang='lat' dir='ltr'><strong>eorpus</strong></span> <span class='ocrx_word' id='word_1_110' title='bbox 1194 1636 1362 1718; x_wconf 83' lang='lat' dir='ltr'><strong>consigna-</strong></span> 
     </span>
    </p>
   </div>
   <div class='ocr_carea' id='block_1_4' title="bbox 92 1709 1451 1993">
    <p class='ocr_par' dir='ltr' id='par_1_4' title="bbox 92 1709 1451 1993">
     <span class='ocr_line' id='line_1_13' title="bbox 92 1709 1361 1812; baseline -0.002 -18"><span class='ocrx_word' id='word_1_111' title='bbox 92 1709 105 1746; x_wconf 72' lang='grc'><strong>”</strong></span> <span class='ocrx_word' id='word_1_112' title='bbox 163 1753 167 1762; x_wconf 89' lang='lat'><em>·</em></span> <span class='ocrx_word' id='word_1_113' title='bbox 250 1733 302 1794; x_wconf 78' lang='lat' dir='ltr'><strong>vit</strong></span> <span class='ocrx_word' id='word_1_114' title='bbox 347 1729 513 1792; x_wconf 86' lang='lat' dir='ltr'><strong>Novissime</strong></span> <span class='ocrx_word' id='word_1_115' title='bbox 539 1741 635 1790; x_wconf 86' lang='lat' dir='ltr'><strong>autern</strong></span> <span class='ocrx_word' id='word_1_116' title='bbox 660 1730 802 1812; x_wconf 82' lang='lat' dir='ltr'><strong>colligens</strong></span> <span class='ocrx_word' id='word_1_117' title='bbox 826 1729 916 1811; x_wconf 89' lang='lat' dir='ltr'><strong>pedes</strong></span> <span class='ocrx_word' id='word_1_118' title='bbox 941 1751 1024 1807; x_wconf 87' lang='lat' dir='ltr'><strong>snos,</strong></span> <span class='ocrx_word' id='word_1_119' title='bbox 1049 1731 1207 1792; x_wconf 87' lang='lat' dir='ltr'><strong>extendens</strong></span> <span class='ocrx_word' id='word_1_120' title='bbox 1233 1731 1361 1791; x_wconf 78' lang='lat' dir='ltr'><strong>brachia</strong></span> 
     </span>
     <span class='ocr_line' id='line_1_14' title="bbox 250 1822 1451 1904; baseline -0.002 -18"><span class='ocrx_word' id='word_1_121' title='bbox 250 1837 281 1886; x_wconf 89' lang='lat' dir='ltr'><strong>et</strong></span> <span class='ocrx_word' id='word_1_122' title='bbox 300 1843 401 1883; x_wconf 87' lang='lat' dir='ltr'><strong>manus</strong></span> <span class='ocrx_word' id='word_1_123' title='bbox 421 1843 508 1903; x_wconf 87' lang='lat' dir='ltr'><strong>super</strong></span> <span class='ocrx_word' id='word_1_124' title='bbox 528 1843 650 1903; x_wconf 87' lang='lat' dir='ltr'><strong>corpus,</strong></span> <span class='ocrx_word' id='word_1_125' title='bbox 678 1822 779 1884; x_wconf 78' lang='lat' dir='ltr'><strong>elausit</strong></span> <span class='ocrx_word' id='word_1_126' title='bbox 807 1823 908 1884; x_wconf 80' lang='lat' dir='ltr'><strong>o&#39;culos</strong></span> <span class='ocrx_word' id='word_1_127' title='bbox 926 1843 1011 1900; x_wconf 89' lang='lat' dir='ltr'><strong>suos,</strong></span> <span class='ocrx_word' id='word_1_128' title='bbox 1035 1824 1161 1904; x_wconf 83' lang='lat' dir='ltr'><strong>psallens</strong></span> <span class='ocrx_word' id='word_1_129' title='bbox 1186 1824 1264 1884; x_wconf 87' lang='lat' dir='ltr'><strong>hune</strong></span> <span class='ocrx_word' id='word_1_130' title='bbox 1283 1843 1360 1884; x_wconf 83' lang='lat' dir='ltr'><strong>ver·</strong></span> <span class='ocrx_word' id='word_1_131' title='bbox 1449 1835 1451 1890; x_wconf 72' lang='lat' dir='ltr'>j</span> 
     </span>
     <span class='ocr_line' id='line_1_15' title="bbox 250 1915 1451 1993; baseline 0 -15"><span class='ocrx_word' id='word_1_132' title='bbox 250 1939 313 1980; x_wconf 87' lang='lat' dir='ltr'><strong>sum</strong></span> <span class='ocrx_word' id='word_1_133' title='bbox 339 1916 457 1976; x_wconf 86' lang='lat' dir='ltr'><strong>leniter:</strong></span> <span class='ocrx_word' id='word_1_134' title='bbox 483 1915 523 1976; x_wconf 79' lang='lat' dir='ltr'><strong>Ira</strong></span> <span class='ocrx_word' id='word_1_135' title='bbox 546 1935 649 1976; x_wconf 77' lang='lat' dir='ltr'><strong>manus</strong></span> <span class='ocrx_word' id='word_1_136' title='bbox 672 1930 737 1977; x_wconf 70' lang='lat' dir='ltr'><strong>uum</strong></span> <span class='ocrx_word' id='word_1_137' title='bbox 759 1916 886 1982; x_wconf 80' lang='lat' dir='ltr'><strong>Domine</strong></span> <span class='ocrx_word' id='word_1_138' title='bbox 908 1916 1072 1978; x_wconf 79' lang='lat' dir='ltr'><strong>commendo</strong></span> <span class='ocrx_word' id='word_1_139' title='bbox 1095 1920 1228 1993; x_wconf 77' lang='lat' dir='ltr'><strong>spiritum</strong></span> <span class='ocrx_word' id='word_1_140' title='bbox 1250 1939 1360 1978; x_wconf 78' lang='lat' dir='ltr'><strong>meuse.</strong></span> <span class='ocrx_word' id='word_1_141' title='bbox 1446 1971 1451 1992; x_wconf 86' lang='grc'>,</span> 
     </span>
    </p>
   </div>
   <div class='ocr_carea' id='block_1_5' title="bbox 200 2009 1447 2370">
    <p class='ocr_par' dir='ltr' id='par_1_5' title="bbox 200 2009 1447 2370">
     <span class='ocr_line' id='line_1_16' title="bbox 200 2009 1359 2091; baseline 0.001 -21"><span class='ocrx_word' id='word_1_142' title='bbox 200 2065 212 2078; x_wconf 88' lang='grc'><strong>,</strong></span> <span class='ocrx_word' id='word_1_143' title='bbox 251 2010 356 2070; x_wconf 87' lang='lat' dir='ltr'><strong>Statim</strong></span> <span class='ocrx_word' id='word_1_144' title='bbox 376 2021 444 2089; x_wconf 87' lang='lat' dir='ltr'><strong>post</strong></span> <span class='ocrx_word' id='word_1_145' title='bbox 471 2009 542 2070; x_wconf 87' lang='lat' dir='ltr'><strong>haee</strong></span> <span class='ocrx_word' id='word_1_146' title='bbox 567 2010 599 2068; x_wconf 87' lang='lat' dir='ltr'><strong>in</strong></span> <span class='ocrx_word' id='word_1_147' title='bbox 626 2021 777 2070; x_wconf 79' lang='lat' dir='ltr'><strong>senectute</strong></span> <span class='ocrx_word' id='word_1_148' title='bbox 802 2009 882 2070; x_wconf 86' lang='lat' dir='ltr'><strong>bona</strong></span> <span class='ocrx_word' id='word_1_149' title='bbox 907 2009 1011 2090; x_wconf 87' lang='lat' dir='ltr'><strong>plenus</strong></span> <span class='ocrx_word' id='word_1_150' title='bbox 1032 2010 1152 2074; x_wconf 86' lang='lat' dir='ltr'><strong>dierum</strong></span> <span class='ocrx_word' id='word_1_151' title='bbox 1172 2011 1302 2091; x_wconf 83' lang='lat' dir='ltr'><strong>perrexit</strong></span> <span class='ocrx_word' id='word_1_152' title='bbox 1320 2013 1359 2071; x_wconf 86' lang='lat' dir='ltr'><strong>in</strong></span> 
     </span>
     <span class='ocr_line' id='line_1_17' title="bbox 250 2101 1360 2184; baseline 0.001 -23"><span class='ocrx_word' id='word_1_153' title='bbox 250 2121 337 2182; x_wconf 84' lang='lat' dir='ltr'><strong>paee:</strong></span> <span class='ocrx_word' id='word_1_154' title='bbox 363 2101 429 2180; x_wconf 86' lang='lat' dir='ltr'><strong>ipso</strong></span> <span class='ocrx_word' id='word_1_155' title='bbox 455 2102 619 2182; x_wconf 85' lang='lat' dir='ltr'><strong>eodemque</strong></span> <span class='ocrx_word' id='word_1_156' title='bbox 646 2103 693 2162; x_wconf 89' lang='lat' dir='ltr'><strong>die</strong></span> <span class='ocrx_word' id='word_1_157' title='bbox 719 2103 867 2164; x_wconf 82' lang='lat' dir='ltr'><strong>humatum</strong></span> <span class='ocrx_word' id='word_1_158' title='bbox 892 2115 936 2166; x_wconf 86' lang='lat' dir='ltr'><strong>est</strong></span> <span class='ocrx_word' id='word_1_159' title='bbox 961 2125 1067 2184; x_wconf 86' lang='lat' dir='ltr'><strong>eorpus</strong></span> <span class='ocrx_word' id='word_1_160' title='bbox 1087 2103 1148 2164; x_wconf 83' lang='lat' dir='ltr'><strong>eius</strong></span> <span class='ocrx_word' id='word_1_161' title='bbox 1167 2103 1198 2163; x_wconf 93' lang='lat' dir='ltr'><strong>in</strong></span> <span class='ocrx_word' id='word_1_162' title='bbox 1217 2103 1360 2178; x_wconf 83' lang='lat' dir='ltr'><strong>ecelesia,</strong></span> 
     </span>
     <span class='ocr_line' id='line_1_18' title="bbox 220 2192 1447 2280; baseline 0.007 -28"><span class='ocrx_word' id='word_1_163' title='bbox 220 2222 221 2230; x_wconf 20' lang='grc' dir='ltr'><strong>κ</strong></span> <span class='ocrx_word' id='word_1_164' title='bbox 251 2213 337 2272; x_wconf 88' lang='lat' dir='ltr'><strong>quam</strong></span> <span class='ocrx_word' id='word_1_165' title='bbox 362 2192 424 2274; x_wconf 89' lang='lat' dir='ltr'><strong>ipse</strong></span> <span class='ocrx_word' id='word_1_166' title='bbox 450 2205 651 2256; x_wconf 78' lang='lat' dir='ltr'><strong>construxerat</strong></span> <span class='ocrx_word' id='word_1_167' title='bbox 674 2196 767 2276; x_wconf 80' lang='lat' dir='ltr'><strong>Aquis</strong></span> <span class='ocrx_word' id='word_1_168' title='bbox 792 2195 876 2280; x_wconf 85' lang='lat' dir='ltr'><strong>grani</strong></span> <span class='ocrx_word' id='word_1_169' title='bbox 902 2195 1027 2276; x_wconf 85' lang='lat' dir='ltr'><strong>palatio,</strong></span> <span class='ocrx_word' id='word_1_170' title='bbox 1051 2217 1129 2260; x_wconf 85' lang='lat' dir='ltr'><strong>anno</strong></span> <span class='ocrx_word' id='word_1_171' title='bbox 1156 2195 1359 2260; x_wconf 71' lang='lat' dir='ltr'><strong>aetatium</strong></span> <span class='ocrx_word' id='word_1_172' title='bbox 1443 2256 1447 2269; x_wconf 87' lang='grc'>,</span> 
     </span>
     <span class='ocr_line' id='line_1_19' title="bbox 249 2280 1447 2370; baseline -0.002 -20"><span class='ocrx_word' id='word_1_173' title='bbox 249 2291 297 2362; x_wconf 75' lang='grc'><strong>72,</strong></span> <span class='ocrx_word' id='word_1_174' title='bbox 317 2286 478 2370; x_wconf 83' lang='lat' dir='ltr'><strong>indictione</strong></span> <span class='ocrx_word' id='word_1_175' title='bbox 497 2287 629 2370; x_wconf 79' lang='lat' dir='ltr'><strong>septima.</strong></span> <span class='ocrx_word' id='word_1_176' title='bbox 1443 2280 1447 2289; x_wconf 82' lang='lat'>&#39;</span> 
     </span>
    </p>
   </div>
   <div class='ocr_carea' id='block_1_6' title="bbox 701 2533 909 2574">
    <p class='ocr_par' dir='ltr' id='par_1_6' title="bbox 701 2533 909 2574">
     <span class='ocr_line' id='line_1_20' title="bbox 906 2533 909 2552; baseline 0 0"><span class='ocrx_word' id='word_1_177' title='bbox 906 2533 909 2552; x_wconf 77' lang='lat' dir='ltr'><strong>t</strong></span> 
     </span>
     <span class='ocr_line' id='line_1_21' title="bbox 701 2555 907 2574; baseline 0.01 -6"><span class='ocrx_word' id='word_1_178' title='bbox 701 2555 907 2574; x_wconf 63' lang='grc' dir='ltr'><strong>-η--ι</strong></span> 
     </span>
    </p>
   </div>
   <div class='ocr_carea' id='block_1_7' title="bbox 307 2747 1349 3206">
    <p class='ocr_par' dir='ltr' id='par_1_7' title="bbox 307 2747 1349 3206">
     <span class='ocr_line' id='line_1_22' title="bbox 727 2747 868 2818; baseline -0.014 -1"><span class='ocrx_word' id='word_1_179' title='bbox 727 2747 868 2818; x_wconf 82' lang='lat' dir='ltr'><strong>XXXII.</strong></span> 
     </span>
     <span class='ocr_line' id='line_1_23' title="bbox 349 2853 1198 2946; baseline 0 -16"><span class='ocrx_word' id='word_1_180' title='bbox 349 2853 352 2860; x_wconf 89' lang='grc'>’</span> <span class='ocrx_word' id='word_1_181' title='bbox 397 2871 538 2930; x_wconf 71' lang='lat' dir='ltr'><strong>nomn</strong></span> <span class='ocrx_word' id='word_1_182' title='bbox 560 2871 695 2940; x_wconf 67' lang='lat' dir='ltr'><strong>mgna</strong></span> <span class='ocrx_word' id='word_1_183' title='bbox 712 2871 940 2943; x_wconf 68' lang='lat' dir='ltr'><strong>capannore</strong></span> <span class='ocrx_word' id='word_1_184' title='bbox 962 2871 1013 2946; x_wconf 67' lang='lat' dir='ltr'><strong>ue</strong></span> <span class='ocrx_word' id='word_1_185' title='bbox 1028 2871 1198 2946; x_wconf 65' lang='lat' dir='ltr'><strong>unu-¹).</strong></span> 
     </span>
     <span class='ocr_line' id='line_1_24' title="bbox 317 2989 1277 3064; baseline 0 -21"><span class='ocrx_word' id='word_1_186' title='bbox 317 2989 417 3044; x_wconf 84' lang='lat' dir='ltr'><strong>Datum</strong></span> <span class='ocrx_word' id='word_1_187' title='bbox 435 3011 483 3062; x_wconf 85' lang='lat' dir='ltr'><strong>per</strong></span> <span class='ocrx_word' id='word_1_188' title='bbox 500 3012 581 3046; x_wconf 84' lang='lat' dir='ltr'><strong>annos</strong></span> <span class='ocrx_word' id='word_1_189' title='bbox 598 2991 670 3060; x_wconf 71' lang='lat' dir='ltr'><strong>regni</strong></span> <span class='ocrx_word' id='word_1_190' title='bbox 687 2991 763 3055; x_wconf 82' lang='lat' dir='ltr'><strong>illius,</strong></span> <span class='ocrx_word' id='word_1_191' title='bbox 779 2991 807 3046; x_wconf 83' lang='lat' dir='ltr'><strong>id</strong></span> <span class='ocrx_word' id='word_1_192' title='bbox 825 3004 870 3058; x_wconf 82' lang='lat' dir='ltr'><strong>est,</strong></span> <span class='ocrx_word' id='word_1_193' title='bbox 888 3005 1024 3064; x_wconf 86' lang='lat' dir='ltr'><strong>antequam</strong></span> <span class='ocrx_word' id='word_1_194' title='bbox 1040 2994 1112 3046; x_wconf 82' lang='lat' dir='ltr'><strong>tieret</strong></span> <span class='ocrx_word' id='word_1_195' title='bbox 1128 2993 1277 3064; x_wconf 80' lang='lat' dir='ltr'><strong>Imperator.</strong></span> 
     </span>
     <span class='ocr_line' id='line_1_25' title="bbox 307 3117 1349 3206; baseline 0.002 -20"><span class='ocrx_word' id='word_1_196' title='bbox 307 3127 379 3206; x_wconf 74' lang='lat' dir='ltr'><strong>Gap.</strong></span> <span class='ocrx_word' id='word_1_197' title='bbox 400 3127 424 3186; x_wconf 92' lang='lat' dir='ltr'><strong>I.</strong></span> <span class='ocrx_word' id='word_1_198' title='bbox 463 3117 605 3187; x_wconf 74' lang='lat' dir='ltr'><strong>Volumus</strong></span> <span class='ocrx_word' id='word_1_199' title='bbox 625 3135 658 3184; x_wconf 90' lang='lat' dir='ltr'><strong>ut</strong></span> <span class='ocrx_word' id='word_1_200' title='bbox 676 3123 805 3204; x_wconf 79' lang='lat' dir='ltr'><strong>villae⁰)</strong></span> <span class='ocrx_word' id='word_1_201' title='bbox 825 3135 954 3200; x_wconf 89' lang='lat' dir='ltr'><strong>nostrae,</strong></span> <span class='ocrx_word' id='word_1_202' title='bbox 973 3145 1044 3204; x_wconf 88' lang='lat' dir='ltr'><strong>quas</strong></span> <span class='ocrx_word' id='word_1_203' title='bbox 1064 3126 1099 3186; x_wconf 86' lang='lat' dir='ltr'><strong>ad</strong></span> <span class='ocrx_word' id='word_1_204' title='bbox 1119 3145 1193 3206; x_wconf 88' lang='lat' dir='ltr'><strong>opus</strong></span> <span class='ocrx_word' id='word_1_205' title='bbox 1212 3136 1349 3188; x_wconf 86' lang='lat' dir='ltr'><strong>nostrum</strong></span> 
     </span>
    </p>
   </div>
   <div class='ocr_carea' id='block_1_8' title="bbox 248 3215 1349 3388">
    <p class='ocr_par' dir='ltr' id='par_1_8' title="bbox 248 3215 1349 3388">
     <span class='ocr_line' id='line_1_26' title="bbox 249 3215 1349 3300; baseline 0.001 -18"><span class='ocrx_word' id='word_1_206' title='bbox 249 3221 435 3284; x_wconf 85' lang='lat' dir='ltr'><strong>serviendum</strong></span> <span class='ocrx_word' id='word_1_207' title='bbox 454 3220 599 3280; x_wconf 87' lang='lat' dir='ltr'><strong>institutas</strong></span> <span class='ocrx_word' id='word_1_208' title='bbox 623 3215 778 3292; x_wconf 85' lang='lat' dir='ltr'><strong>habemus,</strong></span> <span class='ocrx_word' id='word_1_209' title='bbox 806 3217 859 3276; x_wconf 90' lang='lat' dir='ltr'><strong>sub</strong></span> <span class='ocrx_word' id='word_1_210' title='bbox 885 3215 1054 3299; x_wconf 81' lang='lat' dir='ltr'><strong>integritate</strong></span> <span class='ocrx_word' id='word_1_211' title='bbox 1078 3219 1210 3300; x_wconf 83' lang='lat' dir='ltr'><strong>partibus</strong></span> <span class='ocrx_word' id='word_1_212' title='bbox 1237 3221 1349 3283; x_wconf 78' lang='lat' dir='ltr'><strong>nostris</strong></span> 
     </span>
     <span class='ocr_line' id='line_1_27' title="bbox 248 3308 884 3388; baseline -0.011 -14"><span class='ocrx_word' id='word_1_213' title='bbox 248 3313 424 3388; x_wconf 86' lang='lat' dir='ltr'><strong>deserviant,</strong></span> <span class='ocrx_word' id='word_1_214' title='bbox 445 3323 475 3372; x_wconf 83' lang='lat' dir='ltr'><strong>et</strong></span> <span class='ocrx_word' id='word_1_215' title='bbox 493 3331 556 3372; x_wconf 89' lang='lat' dir='ltr'><strong>non</strong></span> <span class='ocrx_word' id='word_1_216' title='bbox 575 3309 638 3370; x_wconf 85' lang='lat' dir='ltr'><strong>aliis</strong></span> <span class='ocrx_word' id='word_1_217' title='bbox 657 3308 835 3370; x_wconf 88' lang='lat' dir='ltr'><strong>hominibus.</strong></span> <span class='ocrx_word' id='word_1_218' title='bbox 880 3378 884 3386; x_wconf 78' lang='lat'><strong>,</strong></span> 
     </span>
    </p>
   </div>
   <div class='ocr_carea' id='block_1_9' title="bbox 140 3403 1452 3574">
    <p class='ocr_par' dir='ltr' id='par_1_9' title="bbox 140 3403 1452 3574">
     <span class='ocr_line' id='line_1_28' title="bbox 303 3403 1452 3481; baseline 0.001 -20"><span class='ocrx_word' id='word_1_219' title='bbox 303 3403 344 3461; x_wconf 90' lang='lat'><strong>11.</strong></span> <span class='ocrx_word' id='word_1_220' title='bbox 381 3407 427 3462; x_wconf 83' lang='lat' dir='ltr'><strong>Ut</strong></span> <span class='ocrx_word' id='word_1_221' title='bbox 451 3406 561 3464; x_wconf 76' lang='lat' dir='ltr'><strong>familia</strong></span> <span class='ocrx_word' id='word_1_222' title='bbox 585 3416 685 3465; x_wconf 86' lang='lat' dir='ltr'><strong>nostra</strong></span> <span class='ocrx_word' id='word_1_223' title='bbox 710 3404 788 3466; x_wconf 88' lang='lat' dir='ltr'><strong>bene</strong></span> <span class='ocrx_word' id='word_1_224' title='bbox 813 3414 983 3468; x_wconf 83' lang='lat' dir='ltr'><strong>conservata</strong></span> <span class='ocrx_word' id='word_1_225' title='bbox 1001 3403 1055 3481; x_wconf 88' lang='lat' dir='ltr'><strong>sit,</strong></span> <span class='ocrx_word' id='word_1_226' title='bbox 1081 3417 1112 3470; x_wconf 82' lang='lat' dir='ltr'><strong>et</strong></span> <span class='ocrx_word' id='word_1_227' title='bbox 1135 3425 1151 3466; x_wconf 89' lang='lat' dir='ltr'><strong>a</strong></span> <span class='ocrx_word' id='word_1_228' title='bbox 1176 3408 1293 3468; x_wconf 86' lang='lat' dir='ltr'><strong>nemine</strong></span> <span class='ocrx_word' id='word_1_229' title='bbox 1313 3407 1346 3466; x_wconf 93' lang='lat' dir='ltr'><strong>in</strong></span> <span class='ocrx_word' id='word_1_230' title='bbox 1451 3437 1452 3462; x_wconf 57' lang='lat' dir='ltr'><strong>r</strong></span> 
     </span>
     <span class='ocr_line' id='line_1_29' title="bbox 140 3489 1026 3574; baseline 0 -18"><span class='ocrx_word' id='word_1_231' title='bbox 140 3543 145 3556; x_wconf 89' lang='lat'>.</span> <span class='ocrx_word' id='word_1_232' title='bbox 246 3503 419 3574; x_wconf 83' lang='lat' dir='ltr'><strong>paupertate</strong></span> <span class='ocrx_word' id='word_1_233' title='bbox 438 3489 531 3554; x_wconf 78' lang='lat' dir='ltr'><strong>ruisse.</strong></span> <span class='ocrx_word' id='word_1_234' title='bbox 1023 3515 1026 3526; x_wconf 89' lang='lat'><strong>·</strong></span> 
     </span>
    </p>
   </div>
   <div class='ocr_carea' id='block_1_10' title="bbox 302 3583 1452 3666">
    <p class='ocr_par' dir='ltr' id='par_1_10' title="bbox 302 3583 1452 3666">
     <span class='ocr_line' id='line_1_30' title="bbox 302 3583 1452 3666; baseline 0.01 -22"><span class='ocrx_word' id='word_1_235' title='bbox 302 3585 358 3644; x_wconf 92' lang='lat'>111.</span> <span class='ocrx_word' id='word_1_236' title='bbox 397 3583 441 3644; x_wconf 93' lang='lat' dir='ltr'><strong>Ut</strong></span> <span class='ocrx_word' id='word_1_237' title='bbox 460 3605 522 3646; x_wconf 89' lang='lat' dir='ltr'><strong>non</strong></span> <span class='ocrx_word' id='word_1_238' title='bbox 541 3597 727 3666; x_wconf 85' lang='lat' dir='ltr'><strong>praesumant</strong></span> <span class='ocrx_word' id='word_1_239' title='bbox 749 3588 859 3648; x_wconf 86' lang='lat' dir='ltr'><strong>iudices</strong></span> <span class='ocrx_word' id='word_1_240' title='bbox 879 3601 1009 3650; x_wconf 87' lang='lat' dir='ltr'><strong>nostram</strong></span> <span class='ocrx_word' id='word_1_241' title='bbox 1033 3589 1170 3652; x_wconf 84' lang='lat' dir='ltr'><strong>familiam</strong></span> <span class='ocrx_word' id='word_1_242' title='bbox 1189 3590 1221 3652; x_wconf 90' lang='lat' dir='ltr'><strong>in</strong></span> <span class='ocrx_word' id='word_1_243' title='bbox 1241 3610 1346 3654; x_wconf 85' lang='lat' dir='ltr'><strong>eorum</strong></span> <span class='ocrx_word' id='word_1_244' title='bbox 1451 3589 1452 3618; x_wconf 50' lang='lat'><em>*</em></span> 
     </span>
    </p>
   </div>
   <div class='ocr_carea' id='block_1_11' title="bbox 243 3767 1345 4164">
    <p class='ocr_par' dir='ltr' id='par_1_11' title="bbox 287 3767 1291 3834">
     <span class='ocr_line' id='line_1_31' title="bbox 287 3767 1291 3834; baseline 0.011 -23"><span class='ocrx_word' id='word_1_245' title='bbox 287 3767 308 3818; x_wconf 89' lang='lat'><strong>¹)</strong></span> <span class='ocrx_word' id='word_1_246' title='bbox 324 3767 404 3827; x_wconf 74' lang='lat' dir='ltr'><strong>Vergt.</strong></span> <span class='ocrx_word' id='word_1_247' title='bbox 421 3767 542 3816; x_wconf 69' lang='lat' dir='ltr'><strong>constitut.</strong></span> <span class='ocrx_word' id='word_1_248' title='bbox 557 3769 762 3814; x_wconf 63' lang='lat' dir='ltr'><strong>demandatione</strong></span> <span class='ocrx_word' id='word_1_249' title='bbox 777 3773 848 3825; x_wconf 77' lang='lat' dir='ltr'><strong>stoffi</strong></span> <span class='ocrx_word' id='word_1_250' title='bbox 863 3773 945 3820; x_wconf 71' lang='lat' dir='ltr'><strong>weiss.</strong></span> <span class='ocrx_word' id='word_1_251' title='bbox 960 3789 998 3832; x_wconf 83' lang='lat' dir='ltr'><strong>ep.</strong></span> <span class='ocrx_word' id='word_1_252' title='bbox 1017 3773 1153 3832; x_wconf 80' lang='lat' dir='ltr'><strong>Walter,</strong></span> <span class='ocrx_word' id='word_1_253' title='bbox 1166 3777 1199 3833; x_wconf 89' lang='lat'><strong>11,</strong></span> <span class='ocrx_word' id='word_1_254' title='bbox 1213 3791 1238 3834; x_wconf 81' lang='lat' dir='ltr'><strong>p.</strong></span> <span class='ocrx_word' id='word_1_255' title='bbox 1253 3779 1291 3822; x_wconf 77' lang='lat' dir='ltr'><strong>tt.</strong></span> 
     </span>
    </p>

    <p class='ocr_par' dir='ltr' id='par_1_12' title="bbox 243 3833 1345 4164">
     <span class='ocr_line' id='line_1_32' title="bbox 287 3833 1345 3904; baseline 0.009 -24"><span class='ocrx_word' id='word_1_256' title='bbox 287 3834 310 3886; x_wconf 81' lang='lat'><strong>²)</strong></span> <span class='ocrx_word' id='word_1_257' title='bbox 324 3833 375 3880; x_wconf 84' lang='lat' dir='ltr'><strong>Von</strong></span> <span class='ocrx_word' id='word_1_258' title='bbox 388 3833 475 3880; x_wconf 80' lang='lat' dir='ltr'><strong>diesem</strong></span> <span class='ocrx_word' id='word_1_259' title='bbox 488 3835 631 3894; x_wconf 68' lang='lat' dir='ltr'><strong>Capitulum,</strong></span> <span class='ocrx_word' id='word_1_260' title='bbox 651 3837 750 3898; x_wconf 77' lang='lat' dir='ltr'><strong>welehes</strong></span> <span class='ocrx_word' id='word_1_261' title='bbox 763 3839 822 3884; x_wconf 83' lang='lat' dir='ltr'><strong>eben</strong></span> <span class='ocrx_word' id='word_1_262' title='bbox 841 3853 867 3882; x_wconf 81' lang='lat' dir='ltr'><strong>so</strong></span> <span class='ocrx_word' id='word_1_263' title='bbox 882 3841 926 3885; x_wconf 78' lang='lat' dir='ltr'><strong>wie</strong></span> <span class='ocrx_word' id='word_1_264' title='bbox 940 3841 984 3886; x_wconf 89' lang='lat' dir='ltr'><strong>der</strong></span> <span class='ocrx_word' id='word_1_265' title='bbox 996 3841 1067 3886; x_wconf 82' lang='lat' dir='ltr'><strong>Brief</strong></span> <span class='ocrx_word' id='word_1_266' title='bbox 1086 3857 1116 3888; x_wconf 84' lang='lat' dir='ltr'><strong>en</strong></span> <span class='ocrx_word' id='word_1_267' title='bbox 1130 3844 1168 3890; x_wconf 84' lang='lat' dir='ltr'><strong>die</strong></span> <span class='ocrx_word' id='word_1_268' title='bbox 1179 3845 1283 3904; x_wconf 76' lang='lat' dir='ltr'><strong>Kdnigin</strong></span> <span class='ocrx_word' id='word_1_269' title='bbox 1295 3845 1345 3890; x_wconf 69' lang='lat'><strong>1²2-</strong></span> 
     </span>
     <span class='ocr_line' id='line_1_33' title="bbox 243 3901 1345 3964; baseline 0.01 -19"><span class='ocrx_word' id='word_1_270' title='bbox 243 3901 323 3945; x_wconf 81' lang='lat' dir='ltr'><strong>stnsdn</strong></span> <span class='ocrx_word' id='word_1_271' title='bbox 340 3901 388 3943; x_wconf 85' lang='lat' dir='ltr'><strong>wol</strong></span> <span class='ocrx_word' id='word_1_272' title='bbox 402 3914 443 3944; x_wconf 80' lang='lat' dir='ltr'><strong>eus</strong></span> <span class='ocrx_word' id='word_1_273' title='bbox 459 3902 529 3946; x_wconf 62' lang='grc' dir='ltr'><strong>Κακὴ</strong></span> <span class='ocrx_word' id='word_1_274' title='bbox 543 3905 638 3964; x_wconf 73' lang='lat' dir='ltr'><strong>sigener</strong></span> <span class='ocrx_word' id='word_1_275' title='bbox 651 3904 727 3948; x_wconf 82' lang='lat' dir='ltr'><strong>Feder</strong></span> <span class='ocrx_word' id='word_1_276' title='bbox 742 3905 866 3963; x_wconf 78' lang='lat' dir='ltr'><strong>gedossen,</strong></span> <span class='ocrx_word' id='word_1_277' title='bbox 878 3905 909 3949; x_wconf 84' lang='lat' dir='ltr'><strong>ist</strong></span> <span class='ocrx_word' id='word_1_278' title='bbox 923 3920 967 3950; x_wconf 80' lang='lat' dir='ltr'><strong>nur</strong></span> <span class='ocrx_word' id='word_1_279' title='bbox 978 3906 1038 3952; x_wconf 81' lang='lat' dir='ltr'><strong>Eine</strong></span> <span class='ocrx_word' id='word_1_280' title='bbox 1051 3909 1205 3954; x_wconf 82' lang='lat' dir='ltr'><strong>flundsehrist</strong></span> <span class='ocrx_word' id='word_1_281' title='bbox 1216 3913 1264 3958; x_wconf 82' lang='lat' dir='ltr'><strong>und</strong></span> <span class='ocrx_word' id='word_1_282' title='bbox 1277 3927 1345 3956; x_wconf 74' lang='lat' dir='ltr'><strong>:vver-</strong></span> 
     </span>
     <span class='ocr_line' id='line_1_34' title="bbox 243 3966 1344 4028; baseline 0.009 -16"><span class='ocrx_word' id='word_1_283' title='bbox 243 3983 273 4012; x_wconf 75' lang='lat' dir='ltr'><strong>zu</strong></span> <span class='ocrx_word' id='word_1_284' title='bbox 284 3966 413 4012; x_wconf 67' lang='lat' dir='ltr'><strong>lielmstidt</strong></span> <span class='ocrx_word' id='word_1_285' title='bbox 422 3967 566 4017; x_wconf 69' lang='lat' dir='ltr'><strong>verbunden.</strong></span> <span class='ocrx_word' id='word_1_286' title='bbox 593 3971 620 4020; x_wconf 78' lang='grc' dir='ltr'><strong>Ρ.</strong></span> <span class='ocrx_word' id='word_1_287' title='bbox 634 3971 660 4016; x_wconf 85' lang='lat' dir='ltr'><strong>J.</strong></span> <span class='ocrx_word' id='word_1_288' title='bbox 675 3969 775 4014; x_wconf 79' lang='lat' dir='ltr'><strong>Bruns</strong></span> <span class='ocrx_word' id='word_1_289' title='bbox 787 3971 868 4028; x_wconf 68' lang='lat' dir='ltr'><strong>(seur.</strong></span> <span class='ocrx_word' id='word_1_290' title='bbox 882 3986 914 4015; x_wconf 74' lang='lat' dir='ltr'><strong>zu</strong></span> <span class='ocrx_word' id='word_1_291' title='bbox 926 3974 970 4016; x_wconf 82' lang='lat' dir='ltr'><strong>dese</strong></span> <span class='ocrx_word' id='word_1_292' title='bbox 983 3974 1105 4020; x_wconf 67' lang='lat' dir='ltr'><strong>deessem</strong></span> <span class='ocrx_word' id='word_1_293' title='bbox 1117 3975 1217 4022; x_wconf 75' lang='lat' dir='ltr'><strong>ReeMsn</strong></span> <span class='ocrx_word' id='word_1_294' title='bbox 1229 3979 1271 4021; x_wconf 80' lang='lat' dir='ltr'><strong>des</strong></span> <span class='ocrx_word' id='word_1_295' title='bbox 1281 3977 1344 4024; x_wconf 76' lang='lat' dir='ltr'><strong>Mit-</strong></span> 
     </span>
     <span class='ocr_line' id='line_1_35' title="bbox 243 4033 1343 4104; baseline 0.009 -26"><span class='ocrx_word' id='word_1_296' title='bbox 243 4033 351 4092; x_wconf 66' lang='lat' dir='ltr'><strong>telaiters,</strong></span> <span class='ocrx_word' id='word_1_297' title='bbox 365 4035 460 4083; x_wconf 74' lang='lat' dir='ltr'><strong>llelmst.</strong></span> <span class='ocrx_word' id='word_1_298' title='bbox 474 4039 552 4086; x_wconf 77' lang='lat'><strong>1799.)</strong></span> <span class='ocrx_word' id='word_1_299' title='bbox 564 4035 606 4080; x_wconf 80' lang='lat' dir='ltr'><strong>het</strong></span> <span class='ocrx_word' id='word_1_300' title='bbox 622 4039 657 4082; x_wconf 88' lang='lat' dir='ltr'><strong>sie</strong></span> <span class='ocrx_word' id='word_1_301' title='bbox 670 4051 717 4083; x_wconf 87' lang='lat' dir='ltr'><strong>von</strong></span> <span class='ocrx_word' id='word_1_302' title='bbox 730 4052 813 4084; x_wconf 78' lang='lat' dir='ltr'><strong>neuen</strong></span> <span class='ocrx_word' id='word_1_303' title='bbox 825 4040 959 4100; x_wconf 73' lang='lat' dir='ltr'><strong>vergliehen</strong></span> <span class='ocrx_word' id='word_1_304' title='bbox 972 4043 1019 4084; x_wconf 91' lang='lat' dir='ltr'><strong>und</strong></span> <span class='ocrx_word' id='word_1_305' title='bbox 1033 4043 1114 4086; x_wconf 76' lang='lat' dir='ltr'><strong>denen</strong></span> <span class='ocrx_word' id='word_1_306' title='bbox 1126 4044 1235 4104; x_wconf 71' lang='lat' dir='ltr'><strong>Ausgebe</strong></span> <span class='ocrx_word' id='word_1_307' title='bbox 1248 4044 1280 4088; x_wconf 80' lang='lat' dir='ltr'><strong>ist</strong></span> <span class='ocrx_word' id='word_1_308' title='bbox 1293 4058 1343 4088; x_wconf 79' lang='lat' dir='ltr'><strong>ven</strong></span> 
     </span>
     <span class='ocr_line' id='line_1_36' title="bbox 244 4099 1341 4164; baseline 0.007 -18"><span class='ocrx_word' id='word_1_309' title='bbox 244 4099 348 4156; x_wconf 73' lang='lat' dir='ltr'><strong>Walter,</strong></span> <span class='ocrx_word' id='word_1_310' title='bbox 368 4099 435 4158; x_wconf 80' lang='lat' dir='ltr'><strong>Gsrp.</strong></span> <span class='ocrx_word' id='word_1_311' title='bbox 455 4101 511 4145; x_wconf 69' lang='grc' dir='ltr'>ι’ωἰι</span> <span class='ocrx_word' id='word_1_312' title='bbox 533 4103 640 4152; x_wconf 78' lang='lat' dir='ltr'><strong>German.</strong></span> <span class='ocrx_word' id='word_1_313' title='bbox 659 4106 745 4162; x_wconf 61' lang='lat' dir='ltr'><strong>antiq„</strong></span> <span class='ocrx_word' id='word_1_314' title='bbox 764 4105 818 4152; x_wconf 83' lang='lat' dir='ltr'>Vol.</span> <span class='ocrx_word' id='word_1_315' title='bbox 838 4106 915 4163; x_wconf 80' lang='lat' dir='ltr'>11‚p.</span> <span class='ocrx_word' id='word_1_316' title='bbox 932 4108 1341 4164; x_wconf 76' lang='lat' dir='ltr'><strong>rer-141,vtederh01sworden.</strong></span> 
     </span>
    </p>
   </div>
   <div class='ocr_carea' id='block_1_12' title="bbox 242 4165 1451 4228">
    <p class='ocr_par' dir='ltr' id='par_1_13' title="bbox 242 4165 1451 4228">
     <span class='ocr_line' id='line_1_37' title="bbox 242 4165 1451 4228; baseline 0.009 -20"><span class='ocrx_word' id='word_1_317' title='bbox 242 4165 378 4212; x_wconf 76' lang='lat' dir='ltr'><strong>Uslversetzt</strong></span> <span class='ocrx_word' id='word_1_318' title='bbox 395 4167 450 4224; x_wconf 82' lang='lat' dir='ltr'><strong>und</strong></span> <span class='ocrx_word' id='word_1_319' title='bbox 461 4168 549 4213; x_wconf 70' lang='lat' dir='ltr'><strong>erklirt</strong></span> <span class='ocrx_word' id='word_1_320' title='bbox 561 4170 592 4214; x_wconf 85' lang='lat' dir='ltr'><strong>ist</strong></span> <span class='ocrx_word' id='word_1_321' title='bbox 604 4171 646 4212; x_wconf 80' lang='lat' dir='ltr'><strong>det</strong></span> <span class='ocrx_word' id='word_1_322' title='bbox 658 4167 793 4227; x_wconf 68' lang='lat' dir='ltr'><strong>capitulare</strong></span> <span class='ocrx_word' id='word_1_323' title='bbox 806 4186 853 4216; x_wconf 87' lang='lat' dir='ltr'><strong>von</strong></span> <span class='ocrx_word' id='word_1_324' title='bbox 870 4172 983 4228; x_wconf 79' lang='lat' dir='ltr'><strong>Antan,</strong></span> <span class='ocrx_word' id='word_1_325' title='bbox 1003 4173 1139 4218; x_wconf 76' lang='lat' dir='ltr'><strong>Geselsiadte</strong></span> <span class='ocrx_word' id='word_1_326' title='bbox 1157 4175 1199 4218; x_wconf 79' lang='lat' dir='ltr'><strong>der</strong></span> <span class='ocrx_word' id='word_1_327' title='bbox 1216 4175 1342 4218; x_wconf 73' lang='lat' dir='ltr'><strong>deutschen</strong></span> <span class='ocrx_word' id='word_1_328' title='bbox 1450 4177 1451 4180; x_wconf 75' lang='grc'>’</span> 
     </span>
    </p>
   </div>
   <div class='ocr_carea' id='block_1_13' title="bbox 243 4231 1345 4298">
    <p class='ocr_par' dir='ltr' id='par_1_14' title="bbox 243 4231 1345 4298">
     <span class='ocr_line' id='line_1_38' title="bbox 243 4231 1345 4298; baseline 0.012 -24"><span class='ocrx_word' id='word_1_329' title='bbox 243 4231 461 4292; x_wconf 64' lang='lat' dir='ltr'><strong>hndudnhselsafl,</strong></span> <span class='ocrx_word' id='word_1_330' title='bbox 476 4232 523 4279; x_wconf 76' lang='lat' dir='ltr'><strong>Th.</strong></span> <span class='ocrx_word' id='word_1_331' title='bbox 538 4235 596 4291; x_wconf 79' lang='grc' dir='ltr'><strong>Ῑ,8.</strong></span> <span class='ocrx_word' id='word_1_332' title='bbox 611 4239 653 4280; x_wconf 83' lang='grc'><strong>177</strong></span> <span class='ocrx_word' id='word_1_333' title='bbox 671 4235 700 4283; x_wconf 78' lang='lat' dir='ltr'><strong>ff.</strong></span> <span class='ocrx_word' id='word_1_334' title='bbox 726 4238 1005 4298; x_wconf 70' lang='lat' dir='ltr'><strong>Anderellebsrsetanng</strong></span> <span class='ocrx_word' id='word_1_335' title='bbox 1016 4239 1161 4296; x_wconf 73' lang='lat' dir='ltr'><strong>venturu,</strong></span> <span class='ocrx_word' id='word_1_336' title='bbox 1184 4242 1233 4286; x_wconf 82' lang='lat' dir='ltr'><strong>Des</strong></span> <span class='ocrx_word' id='word_1_337' title='bbox 1244 4241 1345 4286; x_wconf 67' lang='lat' dir='ltr'><strong>uatum</strong></span> 
     </span>
    </p>
   </div>
   <div class='ocr_carea' id='block_1_14' title="bbox 242 4295 1451 4364">
    <p class='ocr_par' dir='ltr' id='par_1_15' title="bbox 242 4295 1451 4364">
     <span class='ocr_line' id='line_1_39' title="bbox 242 4295 1451 4364; baseline 0.011 -24"><span class='ocrx_word' id='word_1_338' title='bbox 242 4295 313 4342; x_wconf 75' lang='lat' dir='ltr'><strong>Karta</strong></span> <span class='ocrx_word' id='word_1_339' title='bbox 325 4301 365 4344; x_wconf 78' lang='lat' dir='ltr'><strong>des</strong></span> <span class='ocrx_word' id='word_1_340' title='bbox 380 4302 477 4346; x_wconf 70' lang='lat' dir='ltr'><strong>amnon</strong></span> <span class='ocrx_word' id='word_1_341' title='bbox 492 4300 672 4360; x_wconf 76' lang='lat' dir='ltr'><strong>oaptsutm</strong></span> <span class='ocrx_word' id='word_1_342' title='bbox 684 4306 719 4350; x_wconf 81' lang='lat' dir='ltr'><strong>ds</strong></span> <span class='ocrx_word' id='word_1_343' title='bbox 733 4304 843 4362; x_wconf 70' lang='lat' dir='ltr'><strong>Vester,</strong></span> <span class='ocrx_word' id='word_1_344' title='bbox 857 4317 913 4352; x_wconf 77' lang='lat' dir='ltr'><strong>zum</strong></span> <span class='ocrx_word' id='word_1_345' title='bbox 925 4303 1193 4364; x_wconf 59' lang='lat' dir='ltr'><strong>seq-msam-</strong></span> <span class='ocrx_word' id='word_1_346' title='bbox 1204 4307 1344 4354; x_wconf 68' lang='lat' dir='ltr'><strong>mutand-</strong></span> <span class='ocrx_word' id='word_1_347' title='bbox 1450 4343 1451 4350; x_wconf 34' lang='lat'>1</span> 
     </span>
    </p>
   </div>
   <div class='ocr_carea' id='block_1_15' title="bbox 242 4363 714 4483">
    <p class='ocr_par' dir='ltr' id='par_1_16' title="bbox 242 4363 714 4483">
     <span class='ocr_line' id='line_1_40' title="bbox 242 4363 714 4430; baseline -0.002 -10"><span class='ocrx_word' id='word_1_348' title='bbox 242 4363 472 4420; x_wconf 56' lang='lat' dir='ltr'><strong>miuneham.</strong></span> <span class='ocrx_word' id='word_1_349' title='bbox 498 4370 594 4421; x_wconf 75' lang='lat' dir='ltr'><strong>numu</strong></span> <span class='ocrx_word' id='word_1_350' title='bbox 609 4373 676 4430; x_wconf 79' lang='lat'><strong>1⁷94,</strong></span> <span class='ocrx_word' id='word_1_351' title='bbox 690 4375 714 4419; x_wconf 84' lang='lat' dir='ltr'><strong>e.</strong></span> 
     </span>
     <span class='ocr_line' id='line_1_41' title="bbox 282 4429 417 4483; baseline 0.015 -7"><span class='ocrx_word' id='word_1_352' title='bbox 282 4431 305 4482; x_wconf 69' lang='grc' dir='ltr'><strong>θ)</strong></span> <span class='ocrx_word' id='word_1_353' title='bbox 320 4429 417 4483; x_wconf 77' lang='lat' dir='ltr'><strong>Weilsr.</strong></span> 
     </span>
    </p>
   </div>
   <div class='ocr_carea' id='block_1_16' title="bbox 301 4524 398 4554">
    <p class='ocr_par' dir='ltr' id='par_1_17' title="bbox 301 4524 398 4554">
     <span class='ocr_line' id='line_1_42' title="bbox 301 4524 398 4554; baseline 0 0"><span class='ocrx_word' id='word_1_354' title='bbox 301 4536 307 4548; x_wconf 64' lang='grc' dir='ltr'><em>ι</em></span> <span class='ocrx_word' id='word_1_355' title='bbox 392 4524 398 4554; x_wconf 83' lang='lat' dir='ltr'><strong>t</strong></span> 
     </span>
    </p>
   </div>
   <div class='ocr_carea' id='block_1_17' title="bbox 0 0 1458 5094">
    <p class='ocr_par' dir='ltr' id='par_1_18' title="bbox 0 0 1458 5094">
     <span class='ocr_line' id='line_1_43' title="bbox 0 0 1458 5094; baseline 0 5"><span class='ocrx_word' id='word_1_356' title='bbox 0 0 1458 5094; x_wconf 95' lang='lat' dir='ltr'><strong> </strong></span> 
     </span>
    </p>
   </div>
  </div>
 </body>
</html>
