2890 5092
1261 399 1276 436 Ι

792 387 894 506 'aar

177 647 181 656 ·
302 623 368 676 ceas
387 603 450 679 lv,
470 603 639 683 corporales
658 602 792 677 1v.²³)‚
822 600 974 678 orarii²⁴)
1000 563 1058 674 ΙΙ,
1088 597 1265 679 plumacium
1285 597 1398 658 sencol-

140 787 146 794 ι
269 753 272 764 ,
302 697 465 774 dunim²⁸)
486 697 510 756 I.
548 695 597 755 De
616 695 776 772 libris²⁶):
802 693 878 756 liber
896 693 1128 774 Epuricumss)
1148 691 1255 772 Moysi,
1276 701 1309 766 et
1327 689 1401 750 liber.

300 791 425 866 Josuae,
457 801 487 849 et
505 789 581 848 liber
600 788 732 850 Indicum
752 799 783 848 et
801 789 897 864 llutb,
931 799 962 849 et
980 785 1049 846 libri
1073 785 1189 866 Regum
1209 784 1262 842 IV.
1284 794 1316 842 et
1334 781 1396 842 libri

299 883 550 964 Paralipomenon
570 883 611 942 11.
633 881 664 941 in
683 902 744 941 uno
763 879 928 946 volumine:
948 879 1024 940 liber
1042 877 1227 938 Psalmorurn
1242 875 1350 948 David,
1369 887 1397 935 et

300 975 376 1036 liber
395 975 559 1036 Parabolae
580 975 758 1051 Salomonis,
778 986 808 1035 et
827 973 903 1033 liber
921 967 1127 1046 Ecclesiastes,
1150 981 1181 1030 et
1200 968 1278 1029 liber
1299 968 1396 1030 Canti-

170 1091 176 1104 ·
300 1081 366 1130 curn
386 1069 582 1143 canticorum,
612 1079 641 1128 et
667 1067 744 1128 liber
764 1065 950 1146 Sapientiae,
979 1077 1009 1125 et
1028 1063 1105 1124 liber
1122 1063 1195 1122 Iesu
1214 1061 1266 1122 lilii
1287 1062 1394 1136 sirach,

168 1151 175 1167 “
206 1155 210 1170 '
300 1175 330 1232 er
349 1161 520 1238 neesson,
540 1173 570 1221 et
589 1161 666 1222 ruer
684 1161 782 1237 Tou,
803 1172 833 1222 er
852 1159 929 1220 une.
946 1158 1066 1234 suerri,
1086 1169 1117 1217 er
1133 1155 1211 1216 vuer
1229 1155 1352 1229 esther,
1367 1166 1394 1214 n

299 1253 368 1314 libri
388 1255 446 1314 duo
466 1253 711 1316 Machabaeorurn
731 1254 762 1314 in
783 1273 844 1316 uuo
864 1252 1028 1314 volumine:
1056 1250 1125 1312 libri
1144 1249 1212 1311 XII.
1232 1249 1391 1329 Propheta-

243 1363 247 1377 ·
299 1369 363 1406 rum
384 1358 414 1407 et
432 1345 501 1406 libri
521 1347 652 1408 Hesdrae
673 1345 731 1407 duo
752 1346 783 1406 iu
803 1367 864 1406 uno
883 1347 1047 1408 volumine:
1073 1343 1151 1404 liber
1169 1343 1297 1403 Actuum
1317 1343 1396 1422 Apo.

299 1439 458 1515 stolorum,
489 1451 519 1500 et
544 1439 621 1499 liber
645 1438 834 1518 epistolarum
854 1439 951 1512 Pauli;
982 1451 1013 1499 et
1031 1437 1100 1498 libri
1118 1437 1189 1496 VII.
1202 1437 1391 1518 'epistolarum

299 1532 517 1606 canonicarum,
537 1531 868 1613 etliberApocalypsis,
886 1531 918 1592 in
937 1553 998 1594 uno
1018 1529 1183 1595 volumine:
1202 1529 1280 1592 liber
1296 1529 1390 1590 lectio-

299 1626 414 1702 narius,
443 1623 556 1686 tabulas
583 1624 695 1686 laminis
724 1625 858 1706 cuprinis
877 1625 1021 1686 deauratis
1042 1624 1153 1686 habens
1176 1625 1352 1708 paratas²⁸)
1368 1621 1390 1682 I.
1426 1683 1429 1712 ,

173 1711 178 1732 ⁸
251 1759 253 1784 .
297 1721 374 1782 liber
401 1716 574 1780 omeliarum
600 1718 781 1780 dlversorum
813 1731 965 1782 auctorum
991 1720 1016 1780 Ι.
1045 1717 1122 1778 liber
1150 1718 1229 1782 beati
1257 1715 1389 1797 Gregorii

234 1887 243 1894 .
298 1810 491 1894 qnadraginta
518 1811 689 1872 omeliarum
708 1813 733 1870 Ι.
759 1811 827 1872 libri
852 1823 1101 1874 sacramentorum
1119 1811 1177 1872 111.
1201 1803 1279 1872 liber
1308 1830 1389 1872 cauo-

297 1927 366 1966 num
388 1903 539 1984 excerptus
559 1905 584 1976 I.
603 1904 679 1966 liber
698 1905 841 1984 expsitoio
853 1905 1035 1966 Psalmorum
1054 1905 1118 1966 sinc
1137 1917 1258 1966 auctore
1277 1903 1389 1963 I.·liber

298 2011 425 2078 quatuor
436 1998 666 2081 Evangeliorum
686 1999 852 2062 vetustusl.
872 1998 943 2060 libri
962 2000 1022 2060 auti
1026 1997 1133 2059 lunarii
1152 1999 1193 2060 11.
1213 1997 1291 2058 liber
1314 2018 1387 2058 com-

296 2091 433 2154 mentarii
452 2090 656 2171 Hieronymi'
646 2113 677 2150 m
697 2093 910 2158 Mathacuml.
938 2104 969 2156 et
988 2092 1066 2152 liber
1084 2093 1206 2174 regulae
1225 2091 1319 2152 sancti
1336 2091 1385 2150 Br·
1427 2063 1429 2198 l

296 2185 450 2246 nedictiI.
488 2185 543 2246 Est
562 2183 605 2272 ibi
629 2184 665 2246 de
672 2186 832 2272 ,vitro²⁹)
852 2188 925 2248 duae
952 2186 1032 2246 tinae
1057 2185 1179 2265 plenae,
1211 2185 1247 2246 de
1273 2183 1385 2264 plumbo

294 2277 413 2338 tabulae
431 2277 488 2338 III.
510 2289 540 2340 et
558 2300 616 2340 nna
635 2299 726 2342 massa
747 2290 778 2340 et
797 2279 951 2359 calem³⁰)
966 2277 1109 2342 CLXXX.
1129 2261 1429 2355 faldonem⁸¹pad

294 2373 465 2436 sedendum.

673 2544 765 2604 Item
785 2544 880 2605 unde
899 2564 1018 2624 supra.

350 2655 518 2718 Invenimus
537 2654 569 2714 in
589 2653 694 2716 eodem
714 2653 783 2715 loco
804 2665 916 2716 curtem
937 2666 967 2714 et
980 2673 1073 2715 casam
1089 2653 1324 2716 indominicatam
1337 2655 1383 2732 ³²)
1427 2629 1428 2632 Ἴ

294 2769 360 2808 cum
380 2748 484 2808 ceteris
505 2749 641 2808 aedificiis
662 2748 697 2808 ad
717 2747 879 2826 praelatam
900 2747 1051 2809 ecclesiam
1070 2746 1286 2826 respicientem.
1316 2749 1383 2808 Per-

293 2841 391 2901 tinent
410 2841 447 2900 ad
467 2839 590 2900 eandem
610 2849 722 2900 curtem
743 2841 779 2900 de
801 2851 879 2900 terra
899 2839 1002 2900 arabili
1021 2838 1148 2900 iurnales
1168 2840 1254 2902 DC(
1256 2842 1327 2915 XL
1351 2843 1383 2900 dc

166 2995 168 3002 ,
292 2933 400 3018 pratis,
429 2933 508 2994 unde
533 2913 634 3040 colligi
660 2943 783 3012 possunt
808 2933 844 2994 de
869 2932 961 2994 soeno
988 2935 1186 3013 carradaell)
1212 2936 1306 2996 DCX.
1341 2936 1383 2994 De

287 3023 410 3088 ‘annona
429 3024 502 3086 nihil
521 3025 698 3107 reperimus,
722 3036 846 3106 excepto
868 3027 948 3108 quod
973 3025 1102 3088 dedimus
1120 3027 1383 3134 'provendariisfll

292 3119 424 3182 carradas
443 3119 534 3184 XXX
560 3120 610 3200 qui
632 3131 702 3180 suut
725 3119 901 3200 provendati
920 3139 1013 3200 usque
1033 3121 1069 3182 ad
1088 3120 1203 3184 missam
1227 3122 1318 3182 sancti
1334 3122 1384 3180 Jo-

291 3213 410 3290 bannis,
440 3225 471 3274 et
499 3224 567 3274 sunt
585 3213 707 3276 LXXII.
728 3214 764 3274 de
792 3213 942 3284 bracell)
962 3214 1078 3275 modios
1097 3213 1166 3274 XII.
1186 3213 1382 3290 caballum³⁶)

291 3307 478 3376 domituml.
498 3305 588 3370 boves
608 3307 716 3368 XXVI.
736 3327 837 3368 vaccas
857 3306 920 3366 XX.
939 3308 1098 3368 tauruml.
1123 3307 1259 3374 animalia
1277 3308 1383 3378 minora

289 3399 368 3460 LXI.
388 3401 496 3462 vitulos
515 3401 553 3460 V.
577 3399 707 3464 vervices
726 3400 905 3463 LXXXVII.
930 3400 1054 3480 aquillos
1073 3399 1153 3460 XIV.
1178 3401 1277 3462 hircos
1294 3399 1425 3460 XVII.

290 3494 455 3576 capras³⁷)
478 3481 590 3552 LVIII.
616 3493 785 3554 haedIculos
804 3494 872 3554 XII.
898 3513 1007 3573 porcos
1026 3495 1087 3554 XL.
1112 3493 1261 3574 porcellos
1280 3493 1314 3554 L.
1337 3515 1382 3552 au·
1424 3547 1425 3550 ,

291 3585 399 3663 cas³⁸)
412 3583 521 3648 LXIII.
541 3583 637 3664 pullos
657 3585 691 3644 L.
711 3607 778 3647 vasa
797 3587 894 3666 apium
907 3588 1004 3648 XVII.
1024 3588 1060 3648 de
1081 3585 1163 3648 lardo
1181 3587 1382 3664 baccones⁸⁹)
1424 3565 1425 3653 l

290 3679 353 3741 XX.
374 3679 485 3758 pariter
504 3699 569 3740 curu
588 3677 717 3739 minutiis
737 3691 841 3740 unctos
853 3680 906 3758 ⁴⁰>
925 3679 1049 3740 XXVII.
1075 3701 1188 3744 verrem
1215 3681 1341 3742 occisum
1359 3690 1383 3740 et

290 3791 461 3851 suspensum
481 3773 505 3832 Ι.
526 3771 759 3850 lormaticos⁴¹)
778 3772 840 3832 XL.
860 3773 897 3834 de
916 3772 1004 3833 melle
1023 3772 1169 3850 siclus⁴²)
1189 3774 1334 3851 dimidius,
1353 3775 1382 3834 de
1423 3849 1424 3852 Ἴ

290 3864 389 3924 butiro
410 3864 472 3924 sicli
485 3865 525 3924 II.
546 3867 583 3928 de
603 3865 662 3926 sale
682 3866 774 3927 modii
787 3867 824 3926 V.
846 3868 882 3926 de
902 3885 1014 3947 sapone
1032 3865 1096 3926 sicli
1111 3867 1178 3942 III.,
1199 3867 1305 3930 culcita
1324 3887 1381 3928 cum
1423 3865 1424 3935 l

289 3957 496 4040 plumatiis⁴³)
522 3958 559 4022 V.
584 3959 709 4020 caldaria
739 3979 824 4022 aerea
847 3961 903 4020 ΙΙΙ.
935 3961 1031 4020 ferrea
1061 3980 1134 4022 vero
1165 3961 1218 4026 vl.
1243 3981 1381 4044 gramma-

290 4051 424 4130 cula⁴⁴)
449 4051 488 4109 V.
512 4050 656 4136 luminare
681 4053 810 4114 ferreum
836 4054 859 4111 I.
882 4052 958 4112 tuias
975 4056 1027 4129 ⁴⁵)
1051 4053 1131 4116 lorro
1158 4053 1266 4136 ligatos
1291 4051 1379 4114 XVII.

289 4145 442 4223 satcestt)
460 4145 498 4204 X.
518 4143 664 4206 falciculas
684 4147 779 4214 XVII.
801 4147 947 4208 dolaturas
966 4146 1099 4225 vlw)
1123 4149 1301 4224 secures⁴⁸)
1320 4143 1381 4204 Vll.

240 4226 247 4250 ⁶
290 4239 371 4299 coria
396 4238 508 4300 hircina
527 4237 564 4296 Χ.
589 4236 654 4316 plus
678 4241 897 4316 verricinas⁴⁹)
918 4239 1026 4301 XXVI.
1050 4261 1189 4322 sagenam
1215 4241 1252 4300 ad
1272 4240 1379 4319 piscar·
1421 4247 1422 4276 r

290 4333 358 4392 dum
378 4332 403 4391 Ι.
441 4331 494 4392 Est
518 4329 560 4390 ibi
584 4329 791 4413 genitium⁶⁰)
810 4333 841 4392 in
868 4351 928 4412 quo
955 4345 1023 4392 suut
1047 4333 1204 4396 soemiuae,
1219 4333 1328 4394 XXIV.
1354 4329 1380 4386 in

290 4443 349 4508 quo
369 4425 550 4530 repperimus
575 4423 755 4508 mederer)
772 4427 809 4489 V.
830 4446 895 4488 cum
917 4425 1046 4492 fasciolis
1065 4427 1119 4490 IV.
1138 4438 1169 4490 et
1187 4425 1330 4490 camisiles
1348 4420 1378 4480 V·
