2890 5092
60 584 237 648 admodum
261 585 377 668 paginis
400 585 468 648 satis
501 583 607 646 imbuti
635 586 800 648 Metensem
823 586 985 649 Ecclesiam
1009 597 1042 650 ιιι
1070 589 1185 672 priores

59 678 209 740 adibant.
249 678 312 754 Qui
332 701 399 740 cum
418 679 450 738 in
471 679 648 758 septim01)
673 679 797 759 lacuque
824 677 959 741 Cumano
985 685 1053 742 aire
1072 682 1183 746 Roma-

59 772 113 832 nis
138 773 293 832 contrario
315 783 516 852 quaterentur,
535 772 686 832 Romanus
705 771 789 834 febre
809 786 980 854 correptus,
1004 774 1052 836 vix
1071 777 1107 836 ad
1126 797 1206 838 nost

58 885 167 944 usque
188 865 343 946 pervenire
364 863 469 943 potnit
507 863 758 944 Antiphonarium
776 886 847 928 vero
868 887 967 928 secum
987 867 1079 928 Petro
1099 869 1181 928 reni-

58 969 169 1034 tente,
188 958 280 1019 vellet
298 956 409 1032 nollet,
429 978 494 1016 cum
514 958 589 1017 duos
609 956 768 1032 haberent,
792 943 882 1018 unuin
902 972 1004 1040 sauctq
1026 959 1115 1020 Gallo
1136 973 1181 1022 at-

58 1051 147 1112 tulit.
191 1052 227 1110 In
253 1049 337 1111 brevi
357 1060 454 1108 autern
472 1061 623 1131 tempore,
653 1049 787 1110 Domino
814 1072 844 1110 se
868 1052 1001 1129 iuvante,
1031 1055 1182 1115 convaluit

57 1145 226 1204 Romanus
246 1144 283 1202 de
302 1141 396 1202 febre.
435 1143 539 1204 Petrus
561 1143 679 1222 quidem
699 1143 799 1226 pergit
817 1143 853 1202 ad
872 1139 1100 1224 Imperatorem,
1131 1147 1182 1228 qui

58 1247 230 1317 comperto
252 1236 288 1295 dc
307 1235 455 1310 Romano,
473 1237 564 1296 mittit
583 1237 720 1298 celeriter
738 1225 884 1310 nuntium,
906 1237 957 1315 qui
976 1258 1042 1298 eum
1060 1241 1087 1302 si
1107 1262 1182 1308 con·

56 1331 252 1403 valesceret,
277 1326 430 1388 nobiseum
454 1340 531 1389 stare
556 1350 670 1408 uosque
696 1330 842 1390 instruere
861 1329 985 1394 iuberet
1026 1331 1111 1406 Quos
1130 1333 1182 1394 ille

57 1423 196 1503 quidem
215 1431 329 1500 patrum
340 1420 531 1500 hospitalitati
541 1423 730 1504 regranando
741 1421 933 1482 lrbenussrme
946 1421 1025 1482 feeit.
1061 1425 1180 1488 Deinde
1264 1443 1271 1452 '

57 1515 195 1574 nuntius
219 1511 372 1574 subintulit
395 1513 486 1574 verba
512 1515 615 1576 Caroli
641 1517 677 1576 ad
708 1515 981 1598 congregationem.
1032 1515 1189 1594 Quatuor,

57 1601 226 1686 inquiens,
256 1605 407 1666 mercedes
434 1628 487 1668 vos
516 1591 612 1668 sancti
637 1607 802 1668 Domini
792 1629 824 1667 ιιι
849 1628 897 1668 me
921 1627 983 1667 uno
1007 1607 1179 1688 acquisistis.
1213 1681 1216 1691 ι

58 1701 191 1778 Hospes
211 1709 288 1775 erat,
313 1709 344 1758 et
368 1699 399 1758 in
424 1720 471 1762 me
500 1721 568 1761 enm
592 1701 763 1784 collegistis.
801 1701 954 1781 Infirmus,
978 1711 1009 1761 et
1033 1701 1178 1764 visitastis.

58 1791 217 1867 Esurivit,
248 1803 279 1851 et
307 1791 426 1852 dedistis
451 1794 553 1854 mibi
544 1817 575 1854 ιιι
597 1817 633 1858 eo
654 1795 841 1856 manducare.
891 1793 991 1860 sitivit
1009 1806 1040 1854 et
1060 1796 1179 1857 dedistis

7 1947 8 1950 ,
58 1886 140 1945 mihi
163 1885 195 1944 in
216 1905 252 1945 eo
273 1883 387 1944 bibere.
425 1886 545 1948 Deinde
569 1899 694 1968 uterque
719 1888 797 1950 fama
815 1887 936 1950 volante
957 1887 1084 1948 studium
1105 1888 1180 1950 alter

57 1979 189 2040 alterius
209 2001 274 2038 cum
294 1978 431 2054 audisset,
450 1979 681 2057 aemulabantur,
701 2003 756 2062 pro
777 1983 863 2044 laude
884 1993 914 2042 et
928 1979 1034 2064 gloria,
1053 1981 1181 2042 naturali

58 2073 167 2155 gentis
186 2092 256 2132 suae
275 2091 370 2147 more,
388 2083 456 2132 uter
475 2071 598 2132 alterum
616 2075 847 2136 transcenderet
890 2073 1037 2135 Memoria
1057 2075 1179 2157 dignum
1240 2073 1244 2080 ’

59 2179 108 2226 est
137 2175 282 2244 quantum
308 2165 362 2226 hac
387 2162 585 2226 aemulatione
610 2177 734 2246 uterque
760 2167 1039 2248 locus-profecerit,
1065 2179 1095 2228 et
1114 2189 1179 2230 non

59 2260 167 2320 solum
186 2259 217 2318 in
238 2269 341 2334 cantu,
366 2259 418 2318 sed
444 2259 529 2318 etin
555 2259 678 2320 caeteris
705 2259 847 2320 doctrinis
873 2260 1009 2320 exerevit
1053 2261 1179 2320 Fecerat

59 2353 192 2432 quidem
211 2351 315 2412 Petrus
335 2351 377 2412 ibi
396 2352 506 2414 iubilos
527 2354 564 2414 ad
589 2353 771 2434 sequentias,
803 2340 873 2431 quas
892 2352 1040 2410 Metenses
1060 2364 1177 2412 vocant.

57 2447 221 2505 Romanus
244 2464 316 2504 vero
345 2466 361 2504 e
387 2455 491 2506 contra
510 2446 645 2508 Romane
674 2457 705 2506 et
728 2465 852 2506 amoene
879 2445 916 2505 de
942 2464 996 2505 suo
1023 2444 1110 2504 nobis
1130 2445 1175 2504 in-

58 2539 145 2606 bilos
167 2535 377 2597 modulaverat.
418 2536 503 2612 Quos
522 2539 625 2618 utique
643 2551 724 2620 post,
744 2549 860 2600 sanctus
879 2538 925 2600 vir
942 2537 1090 2598 Notkerus
1111 2537 1176 2618 qui-

59 2633 119 2692 bus
145 2631 278 2694 videmus
303 2629 401 2692 verbis
427 2629 554 2711 ligabat,
585 2631 718 2713 frigdore
743 2632 881 2695 videlicet
911 2643 942 2692 et
972 2629 1177 2707 occidentanc,
1257 2675 1272 2686 .

62 2747 138 2806 quas
159 2725 201 2784 sic
220 2723 403 2800 nominabat,
424 2724 529 2804 quibus
549 2725 692 2788 animatus
713 2727 800 2786 etiam
819 2725 882 2808 ipse
903 2725 940 2786 de
959 2745 1013 2784 suo
1026 2725 1176 2815 cogitarit.

61 2821 220 2880 Romanus
239 2829 346 2894 autem,
367 2818 448 2897 quasi
466 2829 568 2879 nostra
587 2840 659 2900 prae
678 2819 861 2882 Metensibus
887 2817 1027 2880 extollere
1047 2819 1090 2878 las
1110 2805 1177 2880 sue·
1232 2824 1236 2832 “

62 2925 119 2988 rat,
140 2913 295 2970 Romanae
314 2911 391 2970 sedis
409 2911 556 2972 honorem
575 2913 668 2972 sancti
689 2911 770 2972 Galli
794 2911 943 2974 coenobio
972 2910 1145 2991 siquidem
1135 2924 1177 2971 ιιι

62 3006 180 3066 inferre
200 3003 322 3064 curavit.
364 3004 439 3064 Erat
461 3004 574 3064 Romae
599 3005 824 3064 instrumentum
844 3003 1006 3082 quoddam,
1036 3015 1067 3062 et
1091 3005 1178 3066 theka

62 3099 101 3158 ad
122 3095 347 3178 anthiphonarii
367 3097 529 3158 authentici
548 3097 696 3176 publicam
717 3095 853 3156 omnibus
879 3091 1151 3156 adventantibus
1129 3117 1176 3154 ιιι

62 3191 251 3297 spectionem
269 3191 473 3270 reposituram,
494 3190 576 3272 quod
595 3201 722 3252 acantu
725 3189 878 3250 dicebatur
890 3187 1062 3248 canturium.
1102 3187 1177 3248 Tale

64 3301 195 3364 namque
221 3283 283 3361 ipse
309 3284 387 3362 apud
412 3305 467 3346 nos
494 3286 531 3346 ad
555 3285 647 3344 instar
666 3282 791 3342 illins
766 3302 843 3342 crrea
863 3301 942 3340 aram
961 3277 1176 3358 Apostolorum

64 3395 131 3436 eum
153 3374 326 3438 authentico
351 3373 445 3436 locari
472 3377 558 3452 fecit,
585 3399 673 3456 quem
697 3375 761 3454 ipse
786 3374 884 3434 attulit
909 3371 1073 3452 exemplato
1098 3373 1176 3434 anti-
1242 3377 1253 3456 Ἰ

65 3468 225 3546 phonario.
265 3469 302 3529 ln
323 3491 382 3550 quo
402 3491 494 3551 usque
514 3469 632 3530 hodie
623 3491 654 3528 ιιι
675 3479 763 3530 cantu
773 3467 880 3548 siquid
896 3465 1074 3556 dissentitur,
1094 3467 1176 3546 quasi

65 3561 96 3620 in
116 3561 242 3644 speculo
263 3584 348 3625 error
367 3563 510 3625 eiusmodi
529 3563 680 3632 universus
700 3562 870 3644 pervidetur
896 3571 985 3639 atque
1005 3558 1174 3642 corrigitur.
1248 3616 1252 3631 ,

67 3655 102 3714 In
122 3657 198 3736 ipso,
212 3678 331 3738 quoque
351 3659 462 3739 primus
482 3656 532 3717 ille
552 3657 662 3718 litteras
682 3656 842 3738 Alphabeti
861 3651 1067 3736 significativas
1087 3665 1176 3714 notu-

66 3747 101 3809 lis
121 3749 230 3830 quibus
250 3753 343 3812 visum
364 3764 424 3828 est,
448 3772 559 3812 sursum
585 3761 635 3810 aut
661 3751 814 3825 deorsum,
839 3759 907 3810 ante
932 3755 983 3806 aut
1001 3755 1083 3806 retro
1104 3746 1175 3806 assi-

68 3861 159 3921 gnare
181 3843 364 3926 excogitavit.
405 3844 486 3920 Quas
513 3856 617 3924 postea
643 3844 757 3904 cuidam
782 3843 942 3920 Lamperto
968 3839 1060 3899 amice
1084 3859 1176 3917 quae·

68 3937 145 3995 renti
172 3935 274 3997 beatus
293 3939 440 3998 Notkerns
460 3937 597 4000 balbulus
625 3935 806 3996 dilucidavit:
832 3954 897 3994 cum
921 3944 954 3992 et
972 3931 1175 4007 Martianus²)

70 4045 156 4104 quem
182 4030 219 4090 de
245 4030 355 4110 nuptiis
378 4030 534 4106 miramur,
557 4030 680 4092 virtutes
707 4049 806 4088 earum
831 4025 960 4088 scribere
984 4023 1103 4084 molitus
1128 4019 1174 4081 sit.

69 4119 186 4183 Abinde
206 4123 329 4204 sumpsit
349 4123 498 4186 exordium
519 4135 582 4184 tota
602 4123 666 4182 lere
684 4123 822 4204 Europa,
848 4131 879 4182 et
901 4119 1022 4180 maxime
1049 4113 1176 4174 Germa-

71 4211 118 4275 nia
136 4216 198 4278 sive
219 4216 369 4278 Teutonis
388 4217 549 4278 secundum
568 4216 689 4276 modurn
709 4227 740 4276 et
760 4215 901 4290 sormam,
927 4211 1002 4272 sicut
1020 4205 1052 4268 in
1071 4227 1175 4268 mona·
1211 4242 1215 4252 ·
1310 4209 1312 4221 '

71 4345 269 4364 *hun—n*

7 4419 9 4452 ³
111 4433 136 4488 ι)
150 4437 219 4483 uon
232 4435 362 4495 supano,
376 4435 489 4495 sama.
517 4462 542 4474 -
568 4436 591 4492 a)
607 4435 713 4496 capsus

877 4496 939 4578 [0]
