2890 5092
260 4177 271 4208 t

791 394 877 466 nott

383 809 441 864 Ex
456 801 638 860 nonaum
656 673 923 870 Senfiblldiahls
940 799 1071 856 mette
1087 801 1230 860 Karon
1242 806 1281 874 ¹).

341 943 415 1022 Cap.
435 937 505 998 VII.
545 937 636 1012 Quod
656 939 692 998 de
713 936 900 1001 ordinatione
925 935 1086 995 lectionum
1111 937 1221 997 oblitus
1248 961 1313 998 sum
1344 942 1387 1000 di-

285 1056 368 1112 cere,
388 1054 453 1094 cum
475 1032 511 1092 de
536 1030 719 1109 responsorii
743 1023 936 1110 dispositione
963 1047 1126 1104 narrarem,
1149 1029 1197 1089 hic
1223 1033 1326 1110 paucis
1354 1034 1388 1094 li-

284 1139 350 1190 ceat
368 1125 528 1188 absolvere.
565 1120 670 1183 Nullus
690 1122 721 1183 iu
738 1119 856 1181 basilica
870 1117 1030 1181 doctissimi
1040 1119 1142 1182 Karoli
1158 1121 1304 1185 lectiones
1327 1128 1388 1186 cui-

285 1241 370 1301 quam
389 1215 552 1278 recitandas
571 1213 710 1289 iniunxit,
738 1203 846 1274 nullus'
859 1213 896 1273 ad
919 1212 1076 1273 terminum
1100 1213 1147 1275 vel
1173 1233 1269 1276 ceram
1287 1217 1387 1299 impo-

283 1313 349 1388 suit,
368 1309 415 1372 vel
434 1309 536 1370 saltem
556 1306 981 1390 ungulisquantulumcunque
1006 1306 1122 1387 signum
1146 1306 1307 1388 impressit,
1338 1313 1387 1370 sed

283 1404 380 1466 cuncti
400 1403 498 1463 omnia
518 1397 593 1482 quae
612 1399 737 1482 legenda
757 1411 857 1475 erant,
881 1400 922 1460 ita
946 1397 1002 1460 sibi
1027 1411 1098 1460 nota
1118 1400 1217 1460 lacere
1237 1415 1388 1478 curarunt,

194 1487 198 1496 ¹
284 1509 317 1558 ut
338 1495 467 1577 quando'
483 1493 650 1577 inopinato,
664 1493 764 1576 legere
787 1491 976 1570 iuberentur,
1006 1491 1279 1573 irreprehensibiles
1310 1497 1386 1574 apud

285 1611 350 1654 eum
369 1589 582 1671 invenirentur.
620 1585 726 1667 Digito
747 1597 844 1646 autem
863 1586 910 1648 vel
930 1585 1036 1646 haculo
1049 1596 1203 1666 protento,
1221 1586 1270 1648 vel
1289 1607 1327 1647 ex
1347 1589 1386 1647 la-

282 1693 345 1746 ter'e
365 1703 418 1742 suo
439 1679 476 1741 ad
495 1679 599 1762 procul
619 1679 753 1742 sedentes
773 1677 872 1758 ahquo
893 1680 1023 1756 directo,
1048 1679 1271 1755 demonstravit,
1299 1701 1386 1760 quem

237 1839 238 1850 ,
284 1777 384 1858 legere
404 1773 552 1836 voluisset.
590 1771 695 1860 Finem
714 1791 786 1832 vero
806 1770 941 1833 lectionis
967 1791 1042 1832 sono
1068 1771 1193 1854 gutturis
1214 1772 1385 1854 designavit

283 1869 332 1930 Id
351 1885 438 1950 quem
456 1865 584 1926 universi
604 1865 645 1924 ita
663 1865 770 1925 intenti
789 1865 922 1945 suspensi
942 1875 1019 1940 sunt,
1039 1876 1072 1923 ut
1091 1864 1242 1926 sivefinita
1263 1879 1385 1928 senten-

283 1963 341 2038 tia,
369 1981 420 2021 seu
440 1960 470 2018 iu
490 1957 585 2017 media
606 1957 808 2034 distinctione,
838 1958 898 2020 sive
918 1956 970 2018 suh
992 1955 1179 2017 distinctione
1198 1957 1386 2040 significaret,

284 2055 379 2115 nullus
400 2072 523 2133 sequens
544 2051 674 2132 superius
695 2063 744 2110 aut
764 2051 885 2110 inferius
905 2050 1037 2130 incipere
1058 2062 1271 2129 praesumeret,
1291 2073 1385 2130 quan-

283 2161 461 2226 tumcunque
481 2143 645 2225 incongrua
664 2143 729 2203 finis
749 2155 799 2203 aut
817 2144 932 2204 initium
950 2143 1136 2216 viderentur,
1157 2153 1187 2202 et
1211 2143 1269 2206 hoc
1293 2147 1385 2206 modo

284 2242 391 2302 factum
412 2251 465 2315 est,
484 2251 517 2298 ut
537 2238 746 2299 etiamsinon
766 2237 984 2318 intelligerent,
1010 2255 1112 2296 omnes
1137 2235 1167 2296 in
1195 2237 1252 2296 eius
1272 2238 1384 2316 palatio

284 2335 411 2395 lectores
431 2333 535 2413 optimi
555 2333 684 2393 fuissent.
722 2329 826 2389 Nullus
845 2329 972 2404 alicnus,
991 2329 1087 2390 nullus
1108 2331 1193 2390 etiam
1213 2341 1313 2407 notus,
1334 2331 1386 2390 nisi

284 2427 384 2507 legere
404 2427 548 2486 sciens¹et
567 2443 682 2497 canere,
703 2422 824 2481 chorum
845 2422 905 2483 eius
925 2443 1008 2483 ausus
1029 2435 1073 2484 est
1092 2424 1210 2484 intrare.

343 2516 415 2597 Cap.
436 2517 521 2575 VIII.
562 2513 637 2574 Cum
657 2526 753 2575 autem
772 2515 938 2577 itinerando
949 2517 1077 2578 venisset
1090 2515 1216 2578 Ilarolus
1235 2517 1271 2578 ad
1291 2539 1384 2598 quan-

285 2613 350 2676 dam
377 2609 517 2692 grandem
544 2607 707 2684 basilicam,
733 2621 761 2668 et
788 2610 903 2690 quidem
930 2610 1050 2670 clericus
1076 2611 1112 2670 de
1138 2610 1384 2671 circumcellioni-

285 2705 385 2781 bus²),
405 2703 523 2782 ignarus
544 2700 835 2780 disciplinaellaroli,
854 2702 885 2760 in
902 2703 1023 2762 chorum
1042 2703 1119 2764 ultro
1133 2703 1267 2780 intraret,
1287 2717 1319 2764 et
1340 2706 1383 2764 ni-

285 2793 327 2854 hil
347 2794 467 2853 omnino
494 2793 531 2851 de
557 2792 663 2852 talibus
686 2813 816 2873 unquam
842 2793 1005 2872 didicisset,
1030 2797 1062 2856 in
1086 2796 1184 2856 medio
1205 2798 1384 2858 cantantium

284 2899 380 2948 mutus
401 2898 431 2948 et
451 2905 549 2948 amens
570 2886 711 2947 constitit.
756 2887 804 2947 Ad
830 2907 917 2968 quem
940 2889 1148 2970 paraphonista
1173 2890 1270 2951 levato
1296 2891 1383 2970 peni-

287 2981 353 3042 culo
372 2981 462 3040 ictum
483 2980 520 3056 ei,
541 2980 597 3040 nisi
618 2992 746 3056 caneret,
765 2980 939 3042 minabatur.
979 2981 1056 3041 Tum
1076 2982 1142 3058 ille,
1161 2983 1291 3044 nesciens
1314 2983 1384 3063 quid

284 3086 396 3158 ageret,
415 3093 512 3154 quove
531 3094 563 3135 se
582 3085 697 3134 vertere
717 3086 833 3154 posset,
852 3073 930 3134 foras
951 3075 1028 3135 crire
1047 3097 1109 3136 nou
1130 3097 1223 3152 ausus,
1243 3075 1384 3137 cervicem

284 3170 316 3228 in
336 3170 454 3232 modum
475 3167 577 3228 circuli
596 3178 807 3246 contorquens,
829 3179 858 3226 et
878 3166 1023 3228 dissolutis
1040 3169 1122 3228 malis
1137 3169 1229 3244 hians,
1249 3168 1384 3228 cantandi

286 3263 453 3342 qualitatem
472 3261 550 3320 iuxta
570 3259 793 3340 possibilitatem
817 3259 924 3319 imitari
949 3261 1119 3321 conahatur.
1159 3259 1288 3322 Caeteris
1311 3281 1384 3345 ergo

285 3355 374 3413 risum
392 3367 495 3414 tenere
515 3372 577 3412 non
596 3353 776 3428 valentibus,
804 3351 976 3413 fortissimus
1001 3353 1176 3434 imperator,
1206 3355 1257 3434 qui
1281 3375 1323 3414 ne
1351 3355 1384 3414 ad

284 3465 403 3526 magnas
424 3446 542 3525 quidem
561 3465 607 3504 res
629 3467 644 3504 a
664 3457 740 3506 statu
758 3447 864 3506 mentis
884 3467 952 3506 suae
972 3458 1149 3521 moveretur,
1170 3449 1250 3526 quasi
1269 3459 1384 3527 gestum

286 3539 448 3599 coactionis
463 3537 540 3596 illius
557 3557 619 3596 non
637 3538 813 3613 adverteret,
824 3539 1037 3599 ordinatissime
1050 3539 1137 3599 finem
1150 3539 1386 3620 praestolabatur

284 3630 396 3692 missae.
435 3631 543 3692 Postea
562 3651 635 3692 vero
654 3641 762 3690 vocato
783 3631 869 3690 adse
889 3633 995 3692 misero
1015 3631 1082 3706 illo,
1109 3633 1322 3712 miseratusque
1345 3635 1384 3694 la-

286 3723 374 3782 bores
394 3737 424 3784 et
443 3725 589 3808 angustias
609 3724 695 3800 illius,
716 3725 773 3783 hoc
792 3723 883 3784 modo
904 3726 1070 3786 consolatus
1095 3737 1243 3787 esteum:
1267 3727 1386 3787 Multas

282 3819 395 3894 grottm
417 3815 537 3893 Meae,
562 3818 633 3880 door
657 3818 772 3893 clerice,
790 3837 851 3893 pra
874 3832 961 3880 eootu
983 3833 1010 3878 et
1033 3816 1177 3880 labor-ibam
1199 3823 1273 3894 tuis3
1296 3831 1331 3878 et
1353 3819 1385 3879 ad

207 3947 209 3952 ·
284 3909 491 3972 sublevandam
511 3913 571 3972 eius
591 3903 794 3993 paupertatem
813 3910 895 3971 iussit
915 3910 943 3971 ei
963 3911 1025 3972 dari
1044 3933 1131 3972 unam
1141 3911 1246 3972 libram
1258 3911 1385 3994 argenti.

343 3999 416 4083 Capi
435 4003 471 4063 X.
505 3989 708 4065 Referendum
729 4002 837 4064 hocin
857 4004 924 4064 loco
945 4003 1069 4080 videtur,
1089 4007 1168 4084 quod
1179 4017 1306 4066 tamena
1329 4027 1385 4066 no-

284 4095 336 4154 stri
354 4097 496 4178 temporis
516 4097 684 4158 homiuibus
705 4095 823 4158 difficile
844 4097 993 4172 credatur,
1024 4113 1089 4158 cum
1115 4109 1146 4158 et
1169 4119 1227 4181 ego
1248 4099 1312 4179 ipse
1336 4099 1385 4180 qui

285 4245 483 4259 m-

327 4335 347 4387 ¹)
362 4337 413 4382 Lib.
429 4340 449 4391 I,
464 4353 484 4382 c.
501 4344 522 4382 7.
537 4343 558 4386 8,
575 4343 611 4384 10.
626 4354 649 4395 p.
668 4344 753 4394 734sq.
767 4304 866 4384 l’ertz.

324 4401 347 4451 ὓ)
363 4401 398 4444 lia
414 4401 451 4457 iis,
466 4403 505 4457 qut
520 4405 605 4448 eIrcum
619 4405 688 4449 celles
702 4413 826 4462 vagantur.
841 4419 953 4462 nusquam
966 4415 1040 4453 uerter
1057 4409 1145 4454 hahent
1157 4411 1230 4460 sedes.
1245 4437 1271 4448 -
1283 4410 1381 4456 Perta.

549 4503 554 4530 l

588 4641 598 4678 t
