2890 5092
258 619 424 696 Caucason,
444 619 658 702 Hyrcanosquc
677 618 766 694 siuns,
787 629 818 679 et
835 617 944 679 Bactra
961 637 1108 702 vagamur.

132 699 136 708 ’
257 712 286 772 0
306 713 375 774 lelix
395 711 500 774 Cadmi
519 710 659 773 studium!
681 731 785 790 quam,
804 711 905 790 litera,
930 713 1054 774 multum

180 810 239 871 285
258 805 526 868 Utilitatis-hahes!
548 825 634 884 quarn
653 806 762 885 prodes
781 807 888 886 scripta
909 805 1063 886 decenter!

258 901 304 959 Tc
325 899 389 958 siue
409 897 510 976 ploret
528 919 638 973 amans,
658 912 715 958 nec
735 897 836 959 Sestos
855 899 936 960 norit
953 897 1103 980 Abydum,

254 993 327 1052 Non
348 989 472 1076 Graium
491 992 597 1052 Medea
617 992 731 1066 ducem,
750 1010 813 1050 nou
833 989 937 1052 Cressa
961 991 1060 1073 puella

256 1085 395 1146 Scribere
415 1085 549 1146 Theseae
569 1085 662 1166 possit
681 1083 811 1166 periuria
824 1081 958 1166 linguae.
1047 1161 1049 1166 ι

256 1180 305 1239 Tu
323 1179 426 1254 vallos,
442 1190 478 1240 tu
498 1189 591 1239 castra
610 1177 715 1254 latens,
735 1189 768 1237 tu
787 1195 852 1238 saxa
872 1195 1009 1256 serasque

125 1293 136 1304 ·
181 1278 240 1338 290
258 1273 436 1354 Perrumpis,
456 1271 623 1351 clausasque
643 1269 721 1332 subis
739 1269 915 1332 validissima
934 1281 1034 1349 portas

257 1367 298 1426 Et
317 1387 407 1428 coeca
425 1363 529 1446 vigiles
549 1363 627 1425 fallis
639 1365 698 1426 'suh
717 1375 808 1427 nocte
828 1362 1000 1446 phalanges,

256 1461 369 1520 Necte
388 1457 472 1518 Luna
490 1458 581 1532 videt,
600 1468 634 1520 tu
653 1459 744 1520 fossas
764 1457 866 1520 subter
884 1467 915 1516 et
934 1455 1027 1516 undas
1049 1499 1052 1507 Δ

259 1553 337 1613 Tuta
357 1547 438 1614 natas
458 1551 632 1632 quaerisque
652 1551 738 1628 viam,
757 1562 788 1612 te
808 1548 936 1634 pendula
960 1549 1041 1610 cels'o

256 1647 336 1707 A'e're
356 1645 539 1725 gestatavis,
558 1654 681 1725 portant
698 1657 749 1705 toa
767 1645 859 1707 uerba
879 1642 1047 1720 columbae,
1164 1650 1167 1659 '

180 1745 240 1808 m
258 1741 300 1800 Et
317 1738 494 1800 bellatorem
514 1738 629 1798 deridet
648 1737 774 1818 epistola
793 1739 936 1798 Martem..
1047 1785 1049 1792 ,

257 1833 313 1914 ΤιεΙ
324 1832 388 1893 sine
407 1851 471 1891 non
489 1829 563 1892 fidus
582 1829 687 1913 Pyladi
705 1831 867 1913 scripsisset
888 1830 1024 1908 Orestes,-

255 1927 302 1985 Te
318 1925 385 1986 sine
405 1945 468 1984 nou
486 1925 546 1986 hdo
566 1923 873 2006 Pylades'scripsisset
893 1925 1004 1985 Oresti,
1054 1971 1057 1978 .

202 2047 204 2056 =
258 2019 305 2078 Te
324 2018 387 2078 sine
409 2018 471 2096 quis
489 2017 562 2076 Nini
580 2017 703 2094 rabiem,
723 2018 787 2098 quis
807 2019 1046 2095 lasona'nosset,

256 2111 469 2190 Victoremque
488 2109 576 2170 Asiae
595 2111 750 2187 Macetam,
768 2113 826 2180 tria
846 2113 969 2174 fulmina
989 2113 1072 2190 belli,

180 2211 241 2273 300
259 2205 436 2285 Scipiadam,
455 2203 660 2286 Pyrrhumque
680 2215 710 2262 et
728 2203 820 2284 paivo
839 2205 938 2266 vivere
956 2219 1070 2266 suetum

256 2297 444 2358 Fabricium?
465 2297 562 2358 foedis
577 2296 730 2372 ‚iacuisses,
749 2296 852 2372 Brute,
872 2297 1014 2372 tenebris,

256 2393 459 2470 Adversasque
478 2411 600 2452 movens
619 2411 736 2466 socero,
753 2389 911 2470 'Pompeie,
931 2389 1082 2466 cohortes,
1161 2455 1162 2460 1

258 2484 301 2545 Et
317 2484 423 2544 taeitos
442 2479 613 2564 premerent
630 2485 746 2567 ingrata
766 2483 874 2548 oblivia
893 2483 1014 2560 Paulos,

258 2575 427 2652 Marcellos,
447 2575 627 2657 Crassusque
648 2589 678 2639 et
697 2579 816 2638 nomina
836 2578 926 2660 digua
946 2576 1087 2640 Catones.

183 2677 242 2739 305
260 2671 400 2745 Annales,
419 2670 569 2750 fastosque
590 2681 620 2731 et
639 2675 714 2751 quae
733 2667 899 2733 me'minisse
918 2670 1011 2730 futuri
1052 2682 1054 2690 ’

259 2766 323 2825 Tot
340 2765 661 2839 monumentavalent,
680 2765 837 2826 scribentis
855 2763 980 2826 munere
997 2758 1109 2844 versas,

258 2857 418 2930 Poteritas;
437 2857 497 2918 sive
518 2859 590 2918 haec
610 2858 689 2920 loliis
708 2858 890 2939 inscripserit
911 2857 983 2920 olim

260 2950 340 3012 Cura
359 2961 486 3030 patrum,
506 2961 537 3010 et
555 2951 634 3012 sicco
654 2953 769 3012 steterit
787 2953 931 3032 sapientia
951 2951 1070 3033 grandis

261 3043 394 3118 Cortice,
412 3063 464 3102 sea
484 3041 564 3102 lenta
583 3043 754 3124 legerentur
772 3044 885 3123 praelia
904 3063 982 3119 cera,
1021 3061 1029 3098 .:

184 3143 244 3206 310
261 3139 323 3198 Aut
341 3137 445 3198 niveae
465 3147 608 3217 caperent
626 3136 780 3198 simulacra
800 3135 960 3217 nigerrima
980 3135 1106 3196 chartae.

259 3232 401 3306 Accedes,
419 3230 580 3312 Eginarde,
601 3230 687 3306 doce,
707 3249 785 3310 quos
801 3229 880 3289 linea
901 3229 1016 3304 ductus,

259 3325 301 3384 Et
320 3323 420 3402 quales
439 3323 817 3402 poscatscitissima·litera
837 3322 938 3395 ilaus,
979 3333 981 3340 ’
1053 3335 1057 3346 ’

260 3405 466 3494 Laudatusque
486 3435 536 3474 sna
556 3411 674 3475 incedat
693 3413 821 3474 statione
842 3413 1000 3474 character.

260 3511 345 3570 llaec
364 3506 448 3569 iubet
466 3507 581 3583 limma,
598 3507 668 3568 veni
688 3506 830 3568 etfacilis
850 3505 987 3566 mandata
1007 3527 1136 3589 capesse.

184 3609 243 3672 315
299 3603 384 3666 Talia
403 3601 583 3663 scribentem
601 3600 720 3660 tandmn
740 3599 912 3681 pudibunda
933 3600 1054 3680 reliquit

260 3695 365 3756 Peona
385 3715 517 3756 manum:
538 3693 663 3770 dubitat,
682 3715 751 3755 num
773 3715 847 3774 quae
867 3695 924 3754 iam
944 3694 1052 3776 scripta
1072 3694 1194 3757 fuissent

262 3787 439 3860 Goulodiatt
459 3788 592 3850 dissuasit
610 3807 702 3864 amor,
721 3789 838 3869 signare
857 3784 998 3847 tabellam

262 3881 374 3964 Incipit
393 3895 424 3944 et
442 3901 542 3965 pressa
562 3881 715 3964 subsignat
733 3880 854 3942 nomina
875 3900 950 3940 cera.

262 3975 369 4056 Deque
390 3978 447 4039 suis
459 3977 594 4064 ⁸aliquam
615 3975 729 4036 lamulis
750 3973 884 4047 accersit,
905 3959 935 4034 et
953 3975 1018 4035 illas

185 4074 247 4133 32⁰
265 4069 445 4146 Trade,·ait,
464 4071 516 4129 has
536 4069 638 4129 abiens
657 4067 810 4149 Eginardo
830 4068 913 4126 trade
932 4068 1064 4128 tabellas.

264 4161 327 4220 Nec
347 4183 440 4238 mora,
463 4161 608 4222 Caesarea
628 4159 756 4238 scriptor
773 4171 923 4240 spectatur
942 4161 973 4218 in
994 4159 1069 4231 aula,
1155 4239 1157 4245 Ι

264 4255 397 4313 Emmam
418 4253 511 4317 taetus
532 4255 603 4329 adit,
623 4265 742 4333 poteras
756 4272 944 4335 :cognoscere
966 4250 1091 4329 culpam,

264 4347 309 4405 Ut
327 4347 408 4407 stetit
426 4358 496 4406 ante
516 4345 633 4420 oculos3
652 4367 715 4406 non
733 4345 778 4406 illi
797 4346 892 4407 vultus
914 4354 943 4403 et
963 4364 1025 4420 ora,

263 4441 334 4504 Non
355 4440 440 4504 color
459 4461 534 4504 unus
554 4451 627 4521 erat,
646 4439 747 4522 pallet,
766 4440 868 4502 rubet:
888 4447 1009 4516 aestuat,
1029 4429 1146 4500 horret:
