2890 5092
401 441 415 476 κ
547 371 666 528 *ira

55 583 246 678 §anctorum
267 585 342 660 aius,
370 554 494 666 quorum
515 597 545 646 et
569 597 721 664 protector
747 599 777 648 et
803 588 942 650 defensor
969 611 1031 653 esse
1056 593 1167 656 cousti-

52 688 141 737 tutus
166 688 217 740 est.
499 679 505 698 '
734 707 736 714 ’
886 691 899 708 ”

163 833 165 838 ·
244 805 282 858 Ut
297 804 454 857 beneficium
472 804 573 857 Domni
595 803 761 875 Imperatoris
778 829 856 862 nemo
874 812 991 866 deserto.

116 907 177 966 VI.
215 907 260 974 ‚Ut
279 904 455 965 beneficium
480 903 592 964 Domni
616 906 806 984 Imperatoris
831 909 978 972 desertare
1002 929 1091 972 nemo
1116 933 1168 974 au·

56 1001 141 1076 deat,
163 999 317 1082 propriam
337 998 417 1056 suam
439 997 541 1057 exinde
562 998 750 1058 constituere.
812 1020 815 1030 ·

475 1152 517 1204 De
535 1153 608 1216 hoste
625 1151 757 1223 penendi.

116 1256 195 1314 VII.
233 1255 277 1313 Ut
296 1253 402 1314 hostile
426 1252 556 1314 bannum
576 1253 688 1312 Domni
712 1252 904 1344 Imperatoris
928 1277 1015 1318 nemo
1035 1272 1168 1338 praeter·
1209 1225 1217 1249 ι

55 1349 186 1409 mittere
206 1359 387 1426 praesumat,
413 1345 568 1424 nullusque
591 1342 698 1416 Comes
723 1355 782 1404 tam
807 1350 1054 1426 praesumptiosus
1077 1354 1115 1412 sit
1138 1366 1172 1414 ut

52 1441 146 1500 illum
171 1441 208 1500 de
235 1437 278 1498 his
305 1439 355 1528 qui
380 1439 494 1499 hostem
521 1435 619 1498 saceie
645 1436 737 1498 debiti
760 1449 844 1516 suut,
880 1439 983 1500 exinde
1008 1442 1056 1501 vei
1075 1445 1171 1525 aliqua

56 1532 297 1614 propinquitatis
322 1520 540 1606 defensionem,
568 1529 615 1592 vel
641 1530 721 1590 cuius
745 1533 884 1593 muueris¹
904 1521 1102 1596 adolationem
1127 1539 1172 1596 di·

55 1627 184 1685 mittere
205 1625 341 1687 audeant.

89 1753 130 1806 Ut
151 1753 254 1804 bonum
273 1751 374 1802 Domni
390 1751 554 1821 Imperatoris
577 1765 620 1804 aut
637 1771 741 1826 censum
758 1771 837 1806 nemo
860 1754 968 1806 marrire
984 1769 1139 1826 praesumat.

117 1851 209 1910 VIII.
248 1852 292 1909 Ut
311 1850 422 1910 nullum
443 1851 571 1912 bannum
590 1851 637 1913 vel
661 1863 852 1934 pracceptum
871 1853 984 1915 Domni
1004 1837 1171 1937 Imperato-

58 1945 99 2004 ris
119 1943 222 2005 nullus
242 1944 365 2005 omnino
392 1943 422 2002 in
446 1943 528 2003 nullo
553 1945 675 2004 marrire
695 1956 874 2024 praesumat,
900 1967 997 2026 neque
1017 1969 1091 2028 opus
1112 1948 1173 2008 eius

59 2038 186 2098 stricare
210 2035 258 2097 vel
284 2035 441 2114 impedire,
464 2035 511 2096 vel
521 2035 679 2140 minuere,
702 2037 786 2098 vel
776 2060 808 2098 m
834 2036 892 2099 atio
919 2041 1082 2103 contrarius
1107 2029 1173 2108 fieri

59 2128 213 2188 voluntati
237 2127 286 2188 vel
310 2127 476 2208 praeceptis
501 2125 572 2186 eius.
622 2129 662 2186 Et
688 2141 721 2189 ut
746 2151 835 2190 nemo
862 2130 992 2193 debitum
1018 2155 1101 2196 suum
1124 2132 1171 2196 vel

59 2243 186 2285 censum
205 2221 327 2282 marrire
348 2241 432 2283 ausus
451 2219 497 2280 sit
1223 2215 1225 2224 i

469 2377 512 2430 De
533 2375 627 2430 iustitia
644 2377 770 2432 facienda.

121 2477 179 2534 IX.
217 2477 261 2534 Ut
292 2497 379 2536 nemo
410 2478 442 2534 iu
472 2478 581 2556 placito
614 2499 669 2557 pro
696 2479 754 2538 aiio
785 2478 934 2540 rationare
959 2492 1042 2540 usum
1067 2478 1174 2540 habeat

61 2567 272 2631 defensionem
293 2569 412 2630 alterius
436 2569 558 2644 iniuste,
588 2570 646 2630 sive
673 2592 729 2651 pro
755 2570 915 2652 cupiditate
938 2572 1053 2652 aliqua,
1077 2572 1174 2633 minus

63 2659 217 2722 rationare
238 2661 370 2736 valente,
396 2661 444 2722 vel
464 2681 519 2740 pro
539 2661 660 2744 iugenio
680 2665 803 2727 rationis
822 2685 891 2724 suae
910 2665 1015 2724 iustum
1035 2665 1174 2726 iudicium

63 2754 207 2828 marrire,
235 2754 282 2815 vel
307 2756 453 2814 rationem
478 2776 563 2830 xsuam
591 2757 686 2816 minus
706 2755 823 2818 valente
854 2758 1041 2838 opprimendi
1064 2759 1172 2822 studio.

66 2843 126 2906 Sed
152 2846 352 2924 uuusquisque
377 2868 432 2927 pro
455 2869 509 2908 sua
533 2869 618 2908 eausa
642 2849 690 2911 vel
715 2869 805 2912 censu
827 2849 874 2911 vel
900 2849 1002 2910 debito
1027 2853 1174 2917 rationem

65 2939 183 3013 reddat,
203 2937 259 2999 nisi
281 2939 384 3018 aliquis
403 2938 442 3000 sit
461 2939 590 3002 infirmus
612 2953 662 3000 aut
686 2943 816 3002 rationes
835 2943 965 3018 nescius,
991 2965 1046 3022 pro
1067 2947 1174 3024 quihus

66 3030 147 3090 Missi
167 3030 216 3092 uel
236 3031 354 3092 Priores
374 3031 475 3110 quiin
495 3031 559 3110 ipso
580 3031 690 3111 placito
709 3046 787 3108 sunt,
806 3033 855 3094 vel
874 3035 965 3094 Iudex
985 3037 1036 3114 qui
1057 3057 1171 3100 causam

66 3121 150 3184 huius
170 3124 295 3184 rationis
315 3124 408 3200 sciat,
426 3123 593 3186 rationetur
618 3118 802 3204 conplacit03
827 3123 921 3186 vel
898 3147 922 3185 sr
946 3129 1102 3188 necessitas
1127 3115 1175 3202 sit

10 3295 11 3300 ἵ
67 3215 154 3275 talem
176 3235 332 3294 personam
353 3216 494 3300 largiatur
514 3228 545 3276 ut
564 3216 710 3276 rationem
730 3239 780 3297 qur
772 3217 936 3279 omnibus
950 3217 1113 3296 probabilis
1125 3217 1175 3294 sit,

69 3318 97 3366 et
115 3302 171 3388 qui
190 3308 221 3366 in
240 3309 302 3386 ipsa
322 3307 399 3367 bene
419 3309 536 3369 noverit
556 3331 654 3370 causa:
682 3312 762 3388 quod
786 3321 884 3368 tamen
910 3309 1033 3368 omnino
1058 3308 1174 3371 fiatne-

70 3403 199 3462 cuudum
219 3399 455 3458 convenientiam
467 3401 603 3461 Priorum
623 3401 670 3462 vel
689 3401 848 3462 Missurum
869 3401 919 3480 qui
933 3412 1101 3481 praesentes
1122 3403 1173 3466 ad·
1263 3407 1276 3419 “

70 3505 142 3552 suut
187 3491 279 3566 Quod
300 3502 330 3551 et
350 3491 525 3552 omnimodis
544 3492 704 3552 secundum
728 3493 866 3554 iustitiam
891 3493 987 3576 legem
1008 3493 1058 3554 fiat
1077 3495 1174 3576 adque
1250 3531 1256 3550 ‹-
1338 3562 1342 3578 Ι

70 3581 242 3660 praemium,
261 3581 445 3660 mercedem,
465 3585 511 3646 vel
531 3584 630 3664 aliquo
650 3587 743 3648 malae
768 3587 942 3648 adulationis
963 3585 1101 3667 ingenio,
1125 3590 1173 3650 vel

37 3707 46 3716 =
71 3675 245 3738 defensione
264 3677 504 3756 propinquitatis,
523 3689 556 3736 ut
576 3677 749 3758 nullatenus*
761 3679 870 3739 iustitia
880 3679 943 3758 quis
953 3679 1074 3740 marrire
1086 3702 1173 3760 prae-

71 3767 181 3830 valeat·
212 3769 252 3828 Et
275 3781 309 3828 ut
327 3789 416 3830 nemo
444 3769 560 3851 aliquid·
575 3770 662 3832 alicui
682 3771 789 3832 iniuste
809 3772 990 3847 consentiat,
1016 3774 1067 3834 sed
1091 3776 1175 3836 omui

73 3862 167 3924 studio
194 3873 225 3922 et
250 3863 401 3936 voluntate
429 3885 530 3925 omnes
554 3864 592 3924 ad
615 3864 753 3926 iustitiam
777 3863 984 3944 perficiendam
1009 3867 1174 3946 praeparati

75 3951 139 4012 sint.
178 3955 260 4016 Haec
281 3957 359 4016 enim
380 3957 478 4018 omnia
503 3957 667 4038 supradicta
692 3955 836 4054 imperiali
862 3969 1043 4020 sacramento
1070 3958 1172 4030 obser·
1241 4029 1245 4035 ⁵

76 4044 135 4102 vari
155 4045 308 4108 debentur.
355 4045 359 4052 ’

92 4191 258 4271 UtEpiacopi
275 4215 300 4254 et
315 4203 612 4276 Presbyteriaecundom
630 4223 741 4258 canones
757 4207 849 4272 vivant,
867 4222 892 4260 et
908 4219 1022 4260 caeteros
1039 4201 1157 4254 doceant.

129 4297 167 4360 X.
206 4303 250 4361 Ut
268 4301 432 4382 Episcopi
439 4315 469 4366 et
487 4304 657 4386 Presbyteri
680 4307 840 4402 secundum
865 4324 994 4368 canones
1012 4303 1126 4383 vivant,
1145 4313 1176 4366 et
1274 4309 1283 4385 J

78 4383 115 4448 iit
134 4405 265 4457 caeteros
285 4389 447 4498 doceant
