<?xml version="1.0" encoding="UTF-8"?>
<!DOCTYPE html PUBLIC "-//W3C//DTD XHTML 1.0 Transitional//EN"
    "http://www.w3.org/TR/xhtml1/DTD/xhtml1-transitional.dtd">
<html xmlns="http://www.w3.org/1999/xhtml" xml:lang="en" lang="en">
 <head>
  <title>
</title>
<meta http-equiv="Content-Type" content="text/html;charset=utf-8" />
  <meta name='ocr-system' content='tesseract 3.04.00' />
  <meta name='ocr-capabilities' content='ocr_page ocr_carea ocr_par ocr_line ocrx_word'/>
</head>
<body>
  <div class='ocr_page' id='page_1' title='image "./lebenundwandelk00egingoog_0095.png"; bbox 0 0 2960 5094; ppageno 0'>
   <div class='ocr_carea' id='block_1_1' title="bbox 35 575 1257 3139">
    <p class='ocr_par' dir='ltr' id='par_1_1' title="bbox 71 575 1226 1486">
     <span class='ocr_line' id='line_1_1' title="bbox 76 575 1169 672; baseline 0.009 -36"><span class='ocrx_word' id='word_1_1' title='bbox 76 576 145 652; x_wconf 88' lang='lat' dir='ltr'><strong>liae,</strong></span> <span class='ocrx_word' id='word_1_2' title='bbox 164 575 246 636; x_wconf 91' lang='lat' dir='ltr'><strong>simul</strong></span> <span class='ocrx_word' id='word_1_3' title='bbox 265 587 295 637; x_wconf 86' lang='lat' dir='ltr'><strong>et</strong></span> <span class='ocrx_word' id='word_1_4' title='bbox 314 576 469 636; x_wconf 89' lang='lat' dir='ltr'><strong>abbatibus</strong></span> <span class='ocrx_word' id='word_1_5' title='bbox 490 577 537 638; x_wconf 91' lang='lat' dir='ltr'><strong>vel</strong></span> <span class='ocrx_word' id='word_1_6' title='bbox 558 577 710 672; x_wconf 84' lang='lat' dir='ltr'><strong>comitibus</strong></span> <span class='ocrx_word' id='word_1_7' title='bbox 730 599 845 639; x_wconf 87' lang='lat' dir='ltr'><strong>causam</strong></span> <span class='ocrx_word' id='word_1_8' title='bbox 871 581 1010 642; x_wconf 84' lang='lat' dir='ltr'><strong>adventus</strong></span> <span class='ocrx_word' id='word_1_9' title='bbox 1029 585 1073 644; x_wconf 92' lang='lat' dir='ltr'><strong>sui</strong></span> <span class='ocrx_word' id='word_1_10' title='bbox 1092 585 1169 646; x_wconf 89' lang='lat' dir='ltr'><strong>indi·</strong></span> 
     </span>
     <span class='ocr_line' id='line_1_2' title="bbox 76 651 1170 756; baseline 0.01 -28"><span class='ocrx_word' id='word_1_11' title='bbox 76 681 197 744; x_wconf 87' lang='lat' dir='ltr'><strong>cassent,</strong></span> <span class='ocrx_word' id='word_1_12' title='bbox 217 670 488 749; x_wconf 79' lang='lat' dir='ltr'><strong>dissimulanterque</strong></span> <span class='ocrx_word' id='word_1_13' title='bbox 508 669 544 729; x_wconf 93' lang='lat' dir='ltr'><strong>ab</strong></span> <span class='ocrx_word' id='word_1_14' title='bbox 566 651 675 730; x_wconf 86' lang='lat' dir='ltr'><strong>eisdem</strong></span> <span class='ocrx_word' id='word_1_15' title='bbox 693 669 818 752; x_wconf 83' lang='lat' dir='ltr'><strong>suscepti</strong></span> <span class='ocrx_word' id='word_1_16' title='bbox 843 673 891 736; x_wconf 86' lang='lat' dir='ltr'><strong>vel</strong></span> <span class='ocrx_word' id='word_1_17' title='bbox 911 675 1021 754; x_wconf 77' lang='lat' dir='ltr'>expulsi</span> <span class='ocrx_word' id='word_1_18' title='bbox 1039 676 1170 756; x_wconf 78' lang='lat' dir='ltr'><strong>fuissent,</strong></span> 
     </span>
     <span class='ocr_line' id='line_1_3' title="bbox 75 761 1170 844; baseline 0.008 -22"><span class='ocrx_word' id='word_1_19' title='bbox 75 763 190 822; x_wconf 88' lang='lat' dir='ltr'><strong>tandem</strong></span> <span class='ocrx_word' id='word_1_20' title='bbox 210 775 278 842; x_wconf 89' lang='lat' dir='ltr'><strong>post</strong></span> <span class='ocrx_word' id='word_1_21' title='bbox 297 763 368 823; x_wconf 90' lang='lat' dir='ltr'><strong>anni</strong></span> <span class='ocrx_word' id='word_1_22' title='bbox 390 761 557 822; x_wconf 88' lang='lat' dir='ltr'><strong>revolutum</strong></span> <span class='ocrx_word' id='word_1_23' title='bbox 583 761 723 822; x_wconf 88' lang='lat' dir='ltr'><strong>circulum</strong></span> <span class='ocrx_word' id='word_1_24' title='bbox 747 765 823 843; x_wconf 90' lang='lat' dir='ltr'><strong>apud</strong></span> <span class='ocrx_word' id='word_1_25' title='bbox 842 767 940 844; x_wconf 78' lang='lat' dir='ltr'><strong>Aquas</strong></span> <span class='ocrx_word' id='word_1_26' title='bbox 961 766 1057 830; x_wconf 84' lang='lat' dir='ltr'>Grani</span> <span class='ocrx_word' id='word_1_27' title='bbox 1075 769 1170 831; x_wconf 82' lang='lat' dir='ltr'><strong>santo-</strong></span> 
     </span>
     <span class='ocr_line' id='line_1_4' title="bbox 74 852 1173 940; baseline 0.009 -26"><span class='ocrx_word' id='word_1_28' title='bbox 74 856 214 916; x_wconf 88' lang='lat' dir='ltr'><strong>sissimum</strong></span> <span class='ocrx_word' id='word_1_29' title='bbox 233 855 391 916; x_wconf 88' lang='lat' dir='ltr'><strong>virtutibus</strong></span> <span class='ocrx_word' id='word_1_30' title='bbox 409 852 550 912; x_wconf 89' lang='lat' dir='ltr'><strong>Karolum</strong></span> <span class='ocrx_word' id='word_1_31' title='bbox 571 853 676 914; x_wconf 88' lang='lat' dir='ltr'><strong>defessi</strong></span> <span class='ocrx_word' id='word_1_32' title='bbox 703 867 733 915; x_wconf 91' lang='lat' dir='ltr'><strong>et</strong></span> <span class='ocrx_word' id='word_1_33' title='bbox 755 857 857 918; x_wconf 88' lang='lat' dir='ltr'><strong>nimio</strong></span> <span class='ocrx_word' id='word_1_34' title='bbox 870 858 978 919; x_wconf 86' lang='lat' dir='ltr'><strong>delecti</strong></span> <span class='ocrx_word' id='word_1_35' title='bbox 997 875 1173 940; x_wconf 89' lang='lat' dir='ltr'><strong>repererunt</strong></span> 
     </span>
     <span class='ocr_line' id='line_1_5' title="bbox 75 937 1171 1033; baseline 0.007 -26"><span class='ocrx_word' id='word_1_36' title='bbox 75 947 224 1008; x_wconf 86' lang='lat' dir='ltr'><strong>circuitu·</strong></span> <span class='ocrx_word' id='word_1_37' title='bbox 242 951 400 1008; x_wconf 78' lang='lat' dir='ltr'>Venerunt</span> <span class='ocrx_word' id='word_1_38' title='bbox 418 956 513 1013; x_wconf 85' lang='lat' dir='ltr'><strong>autern</strong></span> <span class='ocrx_word' id='word_1_39' title='bbox 539 937 656 1006; x_wconf 51' lang='lat' dir='ltr'><strong>illuc*</strong></span> <span class='ocrx_word' id='word_1_40' title='bbox 628 969 659 1006; x_wconf 95' lang='grc' dir='ltr'><strong>ιιι</strong></span> <span class='ocrx_word' id='word_1_41' title='bbox 685 947 803 1009; x_wconf 89' lang='lat' dir='ltr'><strong>maioris</strong></span> <span class='ocrx_word' id='word_1_42' title='bbox 822 949 1056 1033; x_wconf 81' lang='lat' dir='ltr'><strong>quadragesimae</strong></span> <span class='ocrx_word' id='word_1_43' title='bbox 1077 955 1171 1016; x_wconf 91' lang='lat' dir='ltr'><strong>ebdo-</strong></span> 
     </span>
     <span class='ocr_line' id='line_1_6' title="bbox 73 1039 1171 1119; baseline 0.006 -19"><span class='ocrx_word' id='word_1_44' title='bbox 73 1043 154 1101; x_wconf 89' lang='lat' dir='ltr'><strong>mada</strong></span> <span class='ocrx_word' id='word_1_45' title='bbox 174 1041 297 1101; x_wconf 88' lang='lat' dir='ltr'><strong>maiore.</strong></span> <span class='ocrx_word' id='word_1_46' title='bbox 344 1039 535 1118; x_wconf 89' lang='lat' dir='ltr'><strong>Nuntiatique</strong></span> <span class='ocrx_word' id='word_1_47' title='bbox 554 1039 745 1119; x_wconf 81' lang='lat' dir='ltr'><strong>imperatori,</strong></span> <span class='ocrx_word' id='word_1_48' title='bbox 777 1041 857 1100; x_wconf 85' lang='lat' dir='ltr'><strong>dilati</strong></span> <span class='ocrx_word' id='word_1_49' title='bbox 875 1055 941 1102; x_wconf 90' lang='lat' dir='ltr'><strong>sunt</strong></span> <span class='ocrx_word' id='word_1_50' title='bbox 960 1044 1043 1104; x_wconf 90' lang='lat' dir='ltr'><strong>ab&#39;</strong></span> <span class='ocrx_word' id='word_1_51' title='bbox 1016 1067 1077 1107; x_wconf 87' lang='lat' dir='ltr'><strong>crus</strong></span> <span class='ocrx_word' id='word_1_52' title='bbox 1097 1067 1171 1107; x_wconf 87' lang='lat' dir='ltr'><strong>con-</strong></span> 
     </span>
     <span class='ocr_line' id='line_1_7' title="bbox 73 1130 1171 1218; baseline 0.006 -25"><span class='ocrx_word' id='word_1_53' title='bbox 73 1147 175 1214; x_wconf 90' lang='lat' dir='ltr'><strong>spectu</strong></span> <span class='ocrx_word' id='word_1_54' title='bbox 201 1155 294 1214; x_wconf 89' lang='lat' dir='ltr'><strong>usque</strong></span> <span class='ocrx_word' id='word_1_55' title='bbox 320 1133 350 1191; x_wconf 92' lang='lat' dir='ltr'><strong>in</strong></span> <span class='ocrx_word' id='word_1_56' title='bbox 374 1132 503 1214; x_wconf 77' lang='lat' dir='ltr'><strong>vigiliam</strong></span> <span class='ocrx_word' id='word_1_57' title='bbox 527 1133 660 1212; x_wconf 85' lang='lat' dir='ltr'><strong>paschae.</strong></span> <span class='ocrx_word' id='word_1_58' title='bbox 707 1130 871 1212; x_wconf 81' lang='lat' dir='ltr'><strong>Cumque</strong></span> <span class='ocrx_word' id='word_1_59' title='bbox 862 1156 892 1192; x_wconf 92' lang='grc' dir='ltr'><strong>ιιι</strong></span> <span class='ocrx_word' id='word_1_60' title='bbox 911 1136 1064 1199; x_wconf 75' lang='lat' dir='ltr'><strong>festivitate</strong></span> <span class='ocrx_word' id='word_1_61' title='bbox 1084 1159 1171 1218; x_wconf 87' lang='lat' dir='ltr'><strong>prae-</strong></span> 
     </span>
     <span class='ocr_line' id='line_1_8' title="bbox 74 1223 1172 1307; baseline 0.007 -21"><span class='ocrx_word' id='word_1_62' title='bbox 74 1229 158 1306; x_wconf 88' lang='lat' dir='ltr'><strong>cipua</strong></span> <span class='ocrx_word' id='word_1_63' title='bbox 179 1225 414 1306; x_wconf 85' lang='lat' dir='ltr'><strong>incomparabilis</strong></span> <span class='ocrx_word' id='word_1_64' title='bbox 434 1223 485 1284; x_wconf 93' lang='lat' dir='ltr'><strong>ille</strong></span> <span class='ocrx_word' id='word_1_65' title='bbox 505 1224 777 1304; x_wconf 80' lang='lat' dir='ltr'><strong>incomparabiliter</strong></span> <span class='ocrx_word' id='word_1_66' title='bbox 793 1226 951 1287; x_wconf 89' lang='lat' dir='ltr'><strong>adornatus</strong></span> <span class='ocrx_word' id='word_1_67' title='bbox 962 1230 1071 1307; x_wconf 88' lang='lat' dir='ltr'><strong>luisset,</strong></span> <span class='ocrx_word' id='word_1_68' title='bbox 1090 1233 1172 1293; x_wconf 89' lang='lat' dir='ltr'><strong>iussit</strong></span> 
     </span>
     <span class='ocr_line' id='line_1_9' title="bbox 72 1318 1226 1400; baseline 0.009 -22"><span class='ocrx_word' id='word_1_69' title='bbox 72 1320 225 1380; x_wconf 83' lang='lat' dir='ltr'><strong>introduci</strong></span> <span class='ocrx_word' id='word_1_70' title='bbox 244 1339 382 1400; x_wconf 83' lang='lat' dir='ltr'><strong>personas</strong></span> <span class='ocrx_word' id='word_1_71' title='bbox 404 1319 463 1378; x_wconf 82' lang='lat' dir='ltr'><strong>ei&#39;us</strong></span> <span class='ocrx_word' id='word_1_72' title='bbox 484 1318 602 1400; x_wconf 83' lang='lat' dir='ltr'><strong>gentis,</strong></span> <span class='ocrx_word' id='word_1_73' title='bbox 622 1339 696 1398; x_wconf 90' lang='lat' dir='ltr'><strong>quae</strong></span> <span class='ocrx_word' id='word_1_74' title='bbox 715 1330 823 1378; x_wconf 91' lang='lat' dir='ltr'><strong>cuncto</strong></span> <span class='ocrx_word' id='word_1_75' title='bbox 845 1321 994 1399; x_wconf 90' lang='lat' dir='ltr'><strong>quondam</strong></span> <span class='ocrx_word' id='word_1_76' title='bbox 1013 1337 1086 1384; x_wconf 88' lang='lat' dir='ltr'><strong>esset</strong></span> <span class='ocrx_word' id='word_1_77' title='bbox 1104 1326 1173 1387; x_wconf 89' lang='lat' dir='ltr'><strong>orbi</strong></span> <span class='ocrx_word' id='word_1_78' title='bbox 1220 1381 1226 1388; x_wconf 91' lang='lat'><strong>.</strong></span> 
     </span>
     <span class='ocr_line' id='line_1_10' title="bbox 71 1409 1171 1494; baseline 0.006 -22"><span class='ocrx_word' id='word_1_79' title='bbox 71 1412 224 1473; x_wconf 90' lang='lat' dir='ltr'><strong>terribilis</strong></span> <span class='ocrx_word' id='word_1_80' title='bbox 268 1411 384 1494; x_wconf 86' lang='lat' dir='ltr'><strong>Quibus</strong></span> <span class='ocrx_word' id='word_1_81' title='bbox 410 1423 510 1472; x_wconf 83' lang='lat' dir='ltr'><strong>tamen</strong></span> <span class='ocrx_word' id='word_1_82' title='bbox 536 1411 792 1472; x_wconf 84' lang='lat' dir='ltr'><strong>excellentissimus</strong></span> <span class='ocrx_word' id='word_1_83' title='bbox 816 1409 941 1472; x_wconf 87' lang='lat' dir='ltr'><strong>Karolns</strong></span> <span class='ocrx_word' id='word_1_84' title='bbox 966 1413 1007 1472; x_wconf 90' lang='lat' dir='ltr'><strong>ita</strong></span> <span class='ocrx_word' id='word_1_85' title='bbox 1030 1417 1171 1479; x_wconf 85' lang='lat' dir='ltr'><strong>terrificus</strong></span> 
     </span>
    </p>

    <p class='ocr_par' dir='ltr' id='par_1_2' title="bbox 35 1489 1257 2506">
     <span class='ocr_line' id='line_1_11' title="bbox 35 1489 1174 1586; baseline 0.004 -20"><span class='ocrx_word' id='word_1_86' title='bbox 35 1495 37 1498; x_wconf 35' lang='lat'>¹</span> <span class='ocrx_word' id='word_1_87' title='bbox 72 1489 226 1566; x_wconf 83' lang='lat' dir='ltr'><strong>videbatur</strong></span> <span class='ocrx_word' id='word_1_88' title='bbox 245 1525 315 1585; x_wconf 89' lang='lat' dir='ltr'><strong>prae</strong></span> <span class='ocrx_word' id='word_1_89' title='bbox 337 1505 482 1580; x_wconf 89' lang='lat' dir='ltr'><strong>omuibus,</strong></span> <span class='ocrx_word' id='word_1_90' title='bbox 503 1506 584 1584; x_wconf 89' lang='lat' dir='ltr'><strong>quasi</strong></span> <span class='ocrx_word' id='word_1_91' title='bbox 603 1525 752 1584; x_wconf 87' lang='lat' dir='ltr'><strong>nunquam</strong></span> <span class='ocrx_word' id='word_1_92' title='bbox 771 1525 872 1586; x_wconf 80' lang='lat' dir='ltr'><strong>regem</strong></span> <span class='ocrx_word' id='word_1_93' title='bbox 896 1505 943 1568; x_wconf 88' lang='lat' dir='ltr'><strong>vel</strong></span> <span class='ocrx_word' id='word_1_94' title='bbox 966 1506 1174 1586; x_wconf 86' lang='lat' dir='ltr'><strong>imperatorem</strong></span> 
     </span>
     <span class='ocr_line' id='line_1_12' title="bbox 73 1595 1175 1679; baseline 0.006 -24"><span class='ocrx_word' id='word_1_95' title='bbox 73 1595 151 1676; x_wconf 91' lang='lat' dir='ltr'><strong>prius</strong></span> <span class='ocrx_word' id='word_1_96' title='bbox 171 1598 321 1658; x_wconf 82' lang='lat' dir='ltr'><strong>vidissent.</strong></span> <span class='ocrx_word' id='word_1_97' title='bbox 368 1597 452 1670; x_wconf 88' lang='lat' dir='ltr'><strong>Quos</strong></span> <span class='ocrx_word' id='word_1_98' title='bbox 479 1599 529 1658; x_wconf 92' lang='lat' dir='ltr'><strong>ille</strong></span> <span class='ocrx_word' id='word_1_99' title='bbox 549 1597 657 1659; x_wconf 86' lang='lat' dir='ltr'><strong>blande</strong></span> <span class='ocrx_word' id='word_1_100' title='bbox 676 1608 825 1678; x_wconf 89' lang='lat' dir='ltr'><strong>susceptos</strong></span> <span class='ocrx_word' id='word_1_101' title='bbox 847 1599 909 1658; x_wconf 94' lang='lat' dir='ltr'><strong>boc</strong></span> <span class='ocrx_word' id='word_1_102' title='bbox 921 1618 1043 1658; x_wconf 88' lang='lat' dir='ltr'><strong>munere</strong></span> <span class='ocrx_word' id='word_1_103' title='bbox 1064 1599 1175 1679; x_wconf 83' lang='lat' dir='ltr'><strong>ditavit,</strong></span> 
     </span>
     <span class='ocr_line' id='line_1_13' title="bbox 74 1689 1257 1770; baseline 0.002 -22"><span class='ocrx_word' id='word_1_104' title='bbox 74 1701 105 1748; x_wconf 89' lang='lat' dir='ltr'><strong>ut</strong></span> <span class='ocrx_word' id='word_1_105' title='bbox 124 1691 206 1769; x_wconf 90' lang='lat' dir='ltr'><strong>quasi</strong></span> <span class='ocrx_word' id='word_1_106' title='bbox 226 1711 300 1750; x_wconf 91' lang='lat' dir='ltr'><strong>unus</strong></span> <span class='ocrx_word' id='word_1_107' title='bbox 321 1689 357 1761; x_wconf 82' lang='lat' dir='ltr'><strong>de</strong></span> <span class='ocrx_word' id='word_1_108' title='bbox 378 1689 443 1749; x_wconf 89' lang='lat' dir='ltr'><strong>filiis</strong></span> <span class='ocrx_word' id='word_1_109' title='bbox 459 1691 525 1751; x_wconf 73' lang='lat' dir='ltr'><strong>&#39;eius</strong></span> <span class='ocrx_word' id='word_1_110' title='bbox 545 1691 714 1770; x_wconf 89' lang='lat' dir='ltr'><strong>ubicunque</strong></span> <span class='ocrx_word' id='word_1_111' title='bbox 733 1690 847 1752; x_wconf 89' lang='lat' dir='ltr'><strong>vellent</strong></span> <span class='ocrx_word' id='word_1_112' title='bbox 866 1691 1044 1770; x_wconf 86' lang='lat' dir='ltr'><strong>ambulandi,</strong></span> <span class='ocrx_word' id='word_1_113' title='bbox 1065 1704 1095 1752; x_wconf 89' lang='lat' dir='ltr'><strong>et</strong></span> <span class='ocrx_word' id='word_1_114' title='bbox 1113 1695 1174 1753; x_wconf 87' lang='lat' dir='ltr'><strong>sin·</strong></span> <span class='ocrx_word' id='word_1_115' title='bbox 1252 1745 1257 1750; x_wconf 94' lang='lat'><strong>.</strong></span> 
     </span>
     <span class='ocr_line' id='line_1_14' title="bbox 74 1783 1209 1866; baseline 0.007 -25"><span class='ocrx_word' id='word_1_116' title='bbox 74 1783 139 1862; x_wconf 82' lang='lat' dir='ltr'><strong>gula</strong></span> <span class='ocrx_word' id='word_1_117' title='bbox 162 1803 313 1863; x_wconf 88' lang='lat' dir='ltr'><strong>quaequae</strong></span> <span class='ocrx_word' id='word_1_118' title='bbox 334 1783 541 1862; x_wconf 86' lang='lat' dir='ltr'><strong>perspiciendi,</strong></span> <span class='ocrx_word' id='word_1_119' title='bbox 562 1797 592 1844; x_wconf 94' lang='lat' dir='ltr'><strong>et</strong></span> <span class='ocrx_word' id='word_1_120' title='bbox 612 1803 803 1864; x_wconf 89' lang='lat' dir='ltr'><strong>quaecunque</strong></span> <span class='ocrx_word' id='word_1_121' title='bbox 829 1785 954 1866; x_wconf 88' lang='lat' dir='ltr'><strong>rogandi</strong></span> <span class='ocrx_word' id='word_1_122' title='bbox 977 1785 1026 1845; x_wconf 91' lang='lat' dir='ltr'><strong>vel</strong></span> <span class='ocrx_word' id='word_1_123' title='bbox 1045 1785 1174 1850; x_wconf 66' lang='lat' dir='ltr'><strong>iuterr0÷</strong></span> <span class='ocrx_word' id='word_1_124' title='bbox 1204 1835 1209 1840; x_wconf 77' lang='grc'><strong>-</strong></span> 
     </span>
     <span class='ocr_line' id='line_1_15' title="bbox 74 1875 1173 1962; baseline 0.005 -28"><span class='ocrx_word' id='word_1_125' title='bbox 74 1875 332 1956; x_wconf 83' lang='lat' dir='ltr'><strong>gandilicentiam</strong></span> <span class='ocrx_word' id='word_1_126' title='bbox 352 1875 504 1936; x_wconf 87' lang='lat' dir='ltr'><strong>baberent.</strong></span> <span class='ocrx_word' id='word_1_127' title='bbox 550 1876 620 1950; x_wconf 84' lang='lat' dir='ltr'><strong>Quo</strong></span> <span class='ocrx_word' id='word_1_128' title='bbox 647 1877 776 1956; x_wconf 85' lang='lat' dir='ltr'><strong>tripudio</strong></span> <span class='ocrx_word' id='word_1_129' title='bbox 797 1878 972 1962; x_wconf 83' lang='lat' dir='ltr'><strong>gestientes,</strong></span> <span class='ocrx_word' id='word_1_130' title='bbox 991 1877 1047 1956; x_wconf 91' lang='lat' dir='ltr'><strong>ipsi</strong></span> <span class='ocrx_word' id='word_1_131' title='bbox 1066 1881 1173 1940; x_wconf 92' lang='lat' dir='ltr'><strong>adhae-</strong></span> 
     </span>
     <span class='ocr_line' id='line_1_16' title="bbox 72 1967 1175 2047; baseline 0.006 -19"><span class='ocrx_word' id='word_1_132' title='bbox 72 1987 156 2042; x_wconf 90' lang='lat' dir='ltr'><strong>rere,</strong></span> <span class='ocrx_word' id='word_1_133' title='bbox 183 1967 278 2046; x_wconf 89' lang='lat' dir='ltr'><strong>ipsum</strong></span> <span class='ocrx_word' id='word_1_134' title='bbox 301 1969 462 2047; x_wconf 81' lang='lat' dir='ltr'><strong>inspicere,</strong></span> <span class='ocrx_word' id='word_1_135' title='bbox 489 1969 818 2047; x_wconf 72' lang='lat' dir='ltr'><strong>ipsumque&#39;admirari,</strong></span> <span class='ocrx_word' id='word_1_136' title='bbox 849 1970 959 2030; x_wconf 90' lang='lat' dir='ltr'><strong>cunctis</strong></span> <span class='ocrx_word' id='word_1_137' title='bbox 985 1971 1175 2036; x_wconf 87' lang='lat' dir='ltr'><strong>orientalibus</strong></span> 
     </span>
     <span class='ocr_line' id='line_1_17' title="bbox 73 2059 1175 2144; baseline 0.007 -26"><span class='ocrx_word' id='word_1_138' title='bbox 73 2079 274 2139; x_wconf 88' lang='lat' dir='ltr'><strong>praeposuere</strong></span> <span class='ocrx_word' id='word_1_139' title='bbox 301 2059 417 2118; x_wconf 85' lang='lat' dir='ltr'><strong>divitiis.</strong></span> <span class='ocrx_word' id='word_1_140' title='bbox 460 2059 768 2144; x_wconf 79' lang='lat' dir='ltr'><strong>Adscendentesque&#39;</strong></span> <span class='ocrx_word' id='word_1_141' title='bbox 759 2083 790 2120; x_wconf 91' lang='grc' dir='ltr'><strong>ιιι</strong></span> <span class='ocrx_word' id='word_1_142' title='bbox 815 2061 952 2121; x_wconf 88' lang='lat' dir='ltr'><strong>solarium</strong></span> <span class='ocrx_word' id='word_1_143' title='bbox 978 2064 1057 2141; x_wconf 93' lang='lat' dir='ltr'><strong>quod</strong></span> <span class='ocrx_word' id='word_1_144' title='bbox 1083 2066 1175 2126; x_wconf 79' lang='lat' dir='ltr'><strong>ambit</strong></span> 
     </span>
     <span class='ocr_line' id='line_1_18' title="bbox 76 2149 1174 2233; baseline 0.006 -20"><span class='ocrx_word' id='word_1_145' title='bbox 76 2155 175 2213; x_wconf 88' lang='lat' dir='ltr'><strong>aedem</strong></span> <span class='ocrx_word' id='word_1_146' title='bbox 197 2150 346 2225; x_wconf 84' lang='lat' dir='ltr'><strong>basilicae,</strong></span> <span class='ocrx_word' id='word_1_147' title='bbox 368 2161 398 2208; x_wconf 88' lang='lat' dir='ltr'><strong>et</strong></span> <span class='ocrx_word' id='word_1_148' title='bbox 417 2149 486 2210; x_wconf 89' lang='lat' dir='ltr'><strong>inde</strong></span> <span class='ocrx_word' id='word_1_149' title='bbox 507 2152 708 2230; x_wconf 88' lang='lat' dir='ltr'><strong>despectantes</strong></span> <span class='ocrx_word' id='word_1_150' title='bbox 730 2153 838 2210; x_wconf 90' lang='lat' dir='ltr'><strong>clerum</strong></span> <span class='ocrx_word' id='word_1_151' title='bbox 856 2154 903 2212; x_wconf 89' lang='lat' dir='ltr'><strong>vel</strong></span> <span class='ocrx_word' id='word_1_152' title='bbox 923 2156 1094 2233; x_wconf 82' lang='lat' dir='ltr'><strong>exercitum,</strong></span> <span class='ocrx_word' id='word_1_153' title='bbox 1116 2161 1174 2219; x_wconf 88' lang='lat' dir='ltr'><strong>ite-</strong></span> 
     </span>
     <span class='ocr_line' id='line_1_19' title="bbox 78 2231 1175 2324; baseline 0.006 -21"><span class='ocrx_word' id='word_1_154' title='bbox 78 2265 202 2322; x_wconf 87' lang='lat' dir='ltr'><strong>rumque</strong></span> <span class='ocrx_word' id='word_1_155' title='bbox 216 2243 363 2304; x_wconf 75' lang='lat' dir='ltr'><strong>etiterum</strong></span> <span class='ocrx_word' id='word_1_156' title='bbox 383 2242 448 2300; x_wconf 94' lang='lat' dir='ltr'><strong>ad</strong></span> <span class='ocrx_word' id='word_1_157' title='bbox 438 2255 648 2324; x_wconf 73' lang='lat' dir='ltr'><strong>imperatorem</strong></span> <span class='ocrx_word' id='word_1_158' title='bbox 668 2231 880 2324; x_wconf 83' lang='lat' dir='ltr'><strong>regredientes,</strong></span> <span class='ocrx_word' id='word_1_159' title='bbox 898 2257 1078 2324; x_wconf 89' lang='lat' dir='ltr'><strong>propterque</strong></span> <span class='ocrx_word' id='word_1_160' title='bbox 1090 2250 1175 2309; x_wconf 85' lang='lat' dir='ltr'><strong>laeti-</strong></span> 
     </span>
     <span class='ocr_line' id='line_1_20' title="bbox 74 2334 1176 2416; baseline 0.004 -22"><span class='ocrx_word' id='word_1_161' title='bbox 74 2335 369 2416; x_wconf 81' lang='lat' dir='ltr'><strong>tiaemagnitudinem</strong></span> <span class='ocrx_word' id='word_1_162' title='bbox 381 2335 511 2397; x_wconf 89' lang='lat' dir='ltr'><strong>retinere</strong></span> <span class='ocrx_word' id='word_1_163' title='bbox 524 2347 720 2414; x_wconf 88' lang='lat' dir='ltr'><strong>nequeuntes,</strong></span> <span class='ocrx_word' id='word_1_164' title='bbox 732 2334 889 2414; x_wconf 89' lang='lat' dir='ltr'><strong>complosis</strong></span> <span class='ocrx_word' id='word_1_165' title='bbox 899 2335 1031 2395; x_wconf 82' lang='lat' dir='ltr'><strong>manibus</strong></span> <span class='ocrx_word' id='word_1_166' title='bbox 1044 2337 1176 2400; x_wconf 86' lang='lat' dir='ltr'><strong>aiebant.</strong></span> 
     </span>
     <span class='ocr_line' id='line_1_21' title="bbox 74 2426 1176 2506; baseline 0.004 -18"><span class='ocrx_word' id='word_1_167' title='bbox 74 2430 164 2488; x_wconf 67' lang='lat' dir='ltr'><strong>Prius</strong></span> <span class='ocrx_word' id='word_1_168' title='bbox 183 2442 290 2488; x_wconf 63' lang='lat' dir='ltr'><strong>mneos</strong></span> <span class='ocrx_word' id='word_1_169' title='bbox 307 2443 416 2489; x_wconf 77' lang='lat' dir='ltr'><strong>tonnam</strong></span> <span class='ocrx_word' id='word_1_170' title='bbox 420 2426 560 2488; x_wconf 75' lang='lat' dir='ltr'><strong>homines</strong></span> <span class='ocrx_word' id='word_1_171' title='bbox 578 2427 710 2506; x_wconf 80' lang='lat' dir='ltr'><strong>uidimus,</strong></span> <span class='ocrx_word' id='word_1_172' title='bbox 730 2449 807 2488; x_wconf 81' lang='lat' dir='ltr'><strong>nuno</strong></span> <span class='ocrx_word' id='word_1_173' title='bbox 825 2443 919 2488; x_wconf 78' lang='lat' dir='ltr'><strong>autern</strong></span> <span class='ocrx_word' id='word_1_174' title='bbox 942 2449 1069 2489; x_wconf 78' lang='lat' dir='ltr'><strong>aureum.</strong></span> <span class='ocrx_word' id='word_1_175' title='bbox 1112 2432 1176 2492; x_wconf 91' lang='lat' dir='ltr'><strong>De-</strong></span> 
     </span>
    </p>

    <p class='ocr_par' dir='ltr' id='par_1_3' title="bbox 35 2517 1202 2974">
     <span class='ocr_line' id='line_1_22' title="bbox 35 2517 1176 2604; baseline 0.004 -24"><span class='ocrx_word' id='word_1_176' title='bbox 35 2539 36 2544; x_wconf 52' lang='lat'><em>*</em></span> <span class='ocrx_word' id='word_1_177' title='bbox 77 2523 144 2582; x_wconf 88' lang='lat' dir='ltr'><strong>inde</strong></span> <span class='ocrx_word' id='word_1_178' title='bbox 165 2523 202 2582; x_wconf 91' lang='lat' dir='ltr'><strong>ad</strong></span> <span class='ocrx_word' id='word_1_179' title='bbox 222 2521 352 2604; x_wconf 84' lang='lat' dir='ltr'><strong>singulos</strong></span> <span class='ocrx_word' id='word_1_180' title='bbox 372 2541 528 2600; x_wconf 90' lang='lat' dir='ltr'><strong>procerum</strong></span> <span class='ocrx_word' id='word_1_181' title='bbox 548 2521 730 2598; x_wconf 80' lang='lat' dir='ltr'><strong>accedentes,</strong></span> <span class='ocrx_word' id='word_1_182' title='bbox 749 2521 967 2601; x_wconf 89' lang='lat' dir='ltr'><strong>novitatemque</strong></span> <span class='ocrx_word' id='word_1_183' title='bbox 983 2517 1176 2585; x_wconf 77' lang='lat' dir='ltr'><strong>vestimento-</strong></span> 
     </span>
     <span class='ocr_line' id='line_1_23' title="bbox 79 2613 1177 2697; baseline 0.004 -23"><span class='ocrx_word' id='word_1_184' title='bbox 79 2637 139 2674; x_wconf 91' lang='lat' dir='ltr'><strong>rum</strong></span> <span class='ocrx_word' id='word_1_185' title='bbox 158 2614 220 2675; x_wconf 83' lang='lat' dir='ltr'><strong>slve</strong></span> <span class='ocrx_word' id='word_1_186' title='bbox 240 2635 386 2674; x_wconf 88' lang='lat' dir='ltr'><strong>armornm</strong></span> <span class='ocrx_word' id='word_1_187' title='bbox 406 2613 611 2689; x_wconf 88' lang='lat' dir='ltr'><strong>admirati,·ad</strong></span> <span class='ocrx_word' id='word_1_188' title='bbox 630 2613 840 2674; x_wconf 89' lang='lat' dir='ltr'><strong>mrrabiliorem</strong></span> <span class='ocrx_word' id='word_1_189' title='bbox 859 2625 927 2672; x_wconf 92' lang='lat' dir='ltr'><strong>sunt</strong></span> <span class='ocrx_word' id='word_1_190' title='bbox 944 2615 1108 2697; x_wconf 79' lang='lat' dir='ltr'><strong>Augustum</strong></span> <span class='ocrx_word' id='word_1_191' title='bbox 1127 2637 1177 2678; x_wconf 89' lang='lat' dir='ltr'><strong>re·</strong></span> 
     </span>
     <span class='ocr_line' id='line_1_24' title="bbox 79 2706 1176 2792; baseline 0.004 -24"><span class='ocrx_word' id='word_1_192' title='bbox 79 2708 175 2789; x_wconf 83' lang='lat' dir='ltr'><strong>gressi.</strong></span> <span class='ocrx_word' id='word_1_193' title='bbox 216 2707 307 2781; x_wconf 89' lang='lat' dir='ltr'><strong>Quod</strong></span> <span class='ocrx_word' id='word_1_194' title='bbox 328 2729 394 2767; x_wconf 90' lang='lat' dir='ltr'><strong>cum</strong></span> <span class='ocrx_word' id='word_1_195' title='bbox 414 2708 515 2767; x_wconf 90' lang='lat' dir='ltr'><strong>eadem</strong></span> <span class='ocrx_word' id='word_1_196' title='bbox 534 2720 623 2768; x_wconf 91' lang='lat' dir='ltr'><strong>nocte</strong></span> <span class='ocrx_word' id='word_1_197' title='bbox 643 2720 674 2767; x_wconf 89' lang='lat' dir='ltr'><strong>et</strong></span> <span class='ocrx_word' id='word_1_198' title='bbox 693 2708 827 2788; x_wconf 91' lang='lat' dir='ltr'><strong>sequenti</strong></span> <span class='ocrx_word' id='word_1_199' title='bbox 848 2708 992 2769; x_wconf 87' lang='lat' dir='ltr'><strong>dominica</strong></span> <span class='ocrx_word' id='word_1_200' title='bbox 1017 2709 1125 2792; x_wconf 88' lang='lat' dir='ltr'><strong>iugiter</strong></span> <span class='ocrx_word' id='word_1_201' title='bbox 1143 2706 1176 2772; x_wconf 79' lang='lat' dir='ltr'><strong>it&#39;r</strong></span> 
     </span>
     <span class='ocr_line' id='line_1_25' title="bbox 80 2799 1202 2883; baseline 0.004 -23"><span class='ocrx_word' id='word_1_202' title='bbox 80 2801 216 2861; x_wconf 87' lang='lat' dir='ltr'><strong>aecclesia</strong></span> <span class='ocrx_word' id='word_1_203' title='bbox 235 2799 378 2875; x_wconf 85' lang='lat' dir='ltr'><strong>facerent,</strong></span> <span class='ocrx_word' id='word_1_204' title='bbox 397 2800 428 2858; x_wconf 90' lang='lat' dir='ltr'><strong>io</strong></span> <span class='ocrx_word' id='word_1_205' title='bbox 454 2800 516 2879; x_wconf 89' lang='lat' dir='ltr'><strong>ipsa</strong></span> <span class='ocrx_word' id='word_1_206' title='bbox 541 2811 724 2860; x_wconf 89' lang='lat' dir='ltr'><strong>sacrosancta</strong></span> <span class='ocrx_word' id='word_1_207' title='bbox 745 2801 791 2862; x_wconf 91' lang='lat' dir='ltr'><strong>die</strong></span> <span class='ocrx_word' id='word_1_208' title='bbox 810 2802 847 2862; x_wconf 94' lang='lat' dir='ltr'><strong>ad</strong></span> <span class='ocrx_word' id='word_1_209' title='bbox 867 2803 988 2883; x_wconf 78' lang='lat' dir='ltr'><strong>opipare</strong></span> <span class='ocrx_word' id='word_1_210' title='bbox 1009 2803 1176 2866; x_wconf 82' lang='lat' dir='ltr'><strong>convivium</strong></span> <span class='ocrx_word' id='word_1_211' title='bbox 1196 2841 1202 2856; x_wconf 60' lang='grc' dir='ltr'><strong>ι</strong></span> 
     </span>
     <span class='ocr_line' id='line_1_26' title="bbox 81 2891 1177 2974; baseline 0.002 -22"><span class='ocrx_word' id='word_1_212' title='bbox 81 2892 291 2972; x_wconf 87' lang='lat' dir='ltr'><strong>opulentissimi</strong></span> <span class='ocrx_word' id='word_1_213' title='bbox 315 2891 418 2952; x_wconf 88' lang='lat' dir='ltr'><strong>Karoli</strong></span> <span class='ocrx_word' id='word_1_214' title='bbox 444 2913 509 2952; x_wconf 89' lang='lat' dir='ltr'><strong>curn</strong></span> <span class='ocrx_word' id='word_1_215' title='bbox 534 2891 675 2952; x_wconf 82' lang='lat' dir='ltr'><strong>Franciae</strong></span> <span class='ocrx_word' id='word_1_216' title='bbox 704 2894 876 2974; x_wconf 88' lang='lat' dir='ltr'><strong>Europaeve</strong></span> <span class='ocrx_word' id='word_1_217' title='bbox 904 2894 1077 2974; x_wconf 87' lang='lat' dir='ltr'><strong>proceribus</strong></span> <span class='ocrx_word' id='word_1_218' title='bbox 1107 2907 1177 2958; x_wconf 91' lang='lat' dir='ltr'><strong>sunt</strong></span> 
     </span>
    </p>

    <p class='ocr_par' dir='ltr' id='par_1_4' title="bbox 35 2983 1221 3139">
     <span class='ocr_line' id='line_1_27' title="bbox 35 2983 1174 3116; baseline 0.002 -74"><span class='ocrx_word' id='word_1_219' title='bbox 35 3053 36 3060; x_wconf 8' lang='grc' dir='ltr'>ἵ</span> <span class='ocrx_word' id='word_1_220' title='bbox 82 2983 200 3046; x_wconf 81' lang='lat' dir='ltr'><strong>invitati.</strong></span> <span class='ocrx_word' id='word_1_221' title='bbox 241 2985 301 3045; x_wconf 89' lang='lat' dir='ltr'><strong>Sed</strong></span> <span class='ocrx_word' id='word_1_222' title='bbox 319 2996 420 3045; x_wconf 87' lang='lat' dir='ltr'><strong>tamen</strong></span> <span class='ocrx_word' id='word_1_223' title='bbox 438 3007 536 3046; x_wconf 89' lang='lat' dir='ltr'><strong>rerum</strong></span> <span class='ocrx_word' id='word_1_224' title='bbox 555 2986 697 3046; x_wconf 89' lang='lat' dir='ltr'><strong>miraculo</strong></span> <span class='ocrx_word' id='word_1_225' title='bbox 717 2987 859 3116; x_wconf 90' lang='lat' dir='ltr'><strong>perculsi,</strong></span> <span class='ocrx_word' id='word_1_226' title='bbox 886 2989 1100 3067; x_wconf 89' lang='lat' dir='ltr'><strong>propemodum</strong></span> <span class='ocrx_word' id='word_1_227' title='bbox 1126 3007 1174 3047; x_wconf 79' lang='lat' dir='ltr'><strong>ex·</strong></span> 
     </span>
     <span class='ocr_line' id='line_1_28' title="bbox 82 3069 1221 3139; baseline 0.002 -2"><span class='ocrx_word' id='word_1_228' title='bbox 82 3099 226 3139; x_wconf 81' lang='lat' dir='ltr'><strong>surrexere</strong></span> <span class='ocrx_word' id='word_1_229' title='bbox 245 3077 347 3138; x_wconf 89' lang='lat' dir='ltr'><strong>ieiuni.</strong></span> <span class='ocrx_word' id='word_1_230' title='bbox 1214 3069 1221 3078; x_wconf 64' lang='grc'><strong>”</strong></span> 
     </span>
    </p>
   </div>
   <div class='ocr_carea' id='block_1_2' title="bbox 294 3171 1038 3327">
    <p class='ocr_par' dir='ltr' id='par_1_5' title="bbox 294 3171 1038 3327">
     <span class='ocr_line' id='line_1_29' title="bbox 294 3171 1038 3246; baseline 0.008 -22"><span class='ocrx_word' id='word_1_231' title='bbox 294 3171 401 3226; x_wconf 82' lang='lat' dir='ltr'><strong>Postera</strong></span> <span class='ocrx_word' id='word_1_232' title='bbox 419 3173 541 3226; x_wconf 80' lang='lat' dir='ltr'><strong>Phoebea</strong></span> <span class='ocrx_word' id='word_1_233' title='bbox 559 3177 695 3244; x_wconf 75' lang='lat' dir='ltr'><strong>apangebat</strong></span> <span class='ocrx_word' id='word_1_234' title='bbox 711 3175 831 3246; x_wconf 86' lang='lat' dir='ltr'><strong>lampade</strong></span> <span class='ocrx_word' id='word_1_235' title='bbox 848 3187 935 3238; x_wconf 83' lang='lat' dir='ltr'><strong>terras,</strong></span> <span class='ocrx_word' id='word_1_236' title='bbox 1027 3174 1038 3230; x_wconf 64' lang='grc'><strong>’.</strong></span> 
     </span>
     <span class='ocr_line' id='line_1_30' title="bbox 295 3255 892 3327; baseline 0.002 -21"><span class='ocrx_word' id='word_1_237' title='bbox 295 3255 384 3308; x_wconf 85' lang='grc' dir='ltr'>Τίιοιιί</span> <span class='ocrx_word' id='word_1_238' title='bbox 402 3277 522 3310; x_wconf 86' lang='lat' dir='ltr'><strong>croceum</strong></span> <span class='ocrx_word' id='word_1_239' title='bbox 540 3258 658 3327; x_wconf 89' lang='lat' dir='ltr'><strong>linquens</strong></span> <span class='ocrx_word' id='word_1_240' title='bbox 677 3260 778 3311; x_wconf 83' lang='lat' dir='ltr'><strong>Aurora</strong></span> <span class='ocrx_word' id='word_1_241' title='bbox 798 3259 892 3318; x_wconf 87' lang='lat' dir='ltr'><strong>cubile,</strong></span> 
     </span>
    </p>
   </div>
   <div class='ocr_carea' id='block_1_3' title="bbox 35 3335 1274 4380">
    <p class='ocr_par' dir='ltr' id='par_1_6' title="bbox 36 3335 1237 3790">
     <span class='ocr_line' id='line_1_31' title="bbox 36 3335 1175 3417; baseline 0.003 -21"><span class='ocrx_word' id='word_1_242' title='bbox 36 3371 39 3391; x_wconf 70' lang='grc' dir='ltr'><strong>ι</strong></span> <span class='ocrx_word' id='word_1_243' title='bbox 83 3357 143 3398; x_wconf 88' lang='lat' dir='ltr'><strong>cum</strong></span> <span class='ocrx_word' id='word_1_244' title='bbox 161 3357 231 3400; x_wconf 87' lang='lat' dir='ltr'><strong>eece</strong></span> <span class='ocrx_word' id='word_1_245' title='bbox 252 3337 357 3416; x_wconf 90' lang='lat' dir='ltr'><strong>quietis</strong></span> <span class='ocrx_word' id='word_1_246' title='bbox 380 3349 410 3398; x_wconf 92' lang='lat' dir='ltr'><strong>et</strong></span> <span class='ocrx_word' id='word_1_247' title='bbox 429 3339 483 3398; x_wconf 89' lang='lat' dir='ltr'><strong>otii</strong></span> <span class='ocrx_word' id='word_1_248' title='bbox 501 3339 767 3417; x_wconf 87' lang='lat' dir='ltr'><strong>impatientissimus</strong></span> <span class='ocrx_word' id='word_1_249' title='bbox 778 3335 902 3396; x_wconf 86' lang='lat' dir='ltr'><strong>Karolns</strong></span> <span class='ocrx_word' id='word_1_250' title='bbox 919 3336 954 3396; x_wconf 88' lang='lat' dir='ltr'><strong>ad</strong></span> <span class='ocrx_word' id='word_1_251' title='bbox 974 3345 1109 3398; x_wconf 85' lang='lat' dir='ltr'><strong>venatum</strong></span> <span class='ocrx_word' id='word_1_252' title='bbox 1127 3336 1175 3399; x_wconf 87' lang='lat' dir='ltr'><strong>bi-</strong></span> 
     </span>
     <span class='ocr_line' id='line_1_32' title="bbox 83 3429 1175 3504; baseline 0.004 -16"><span class='ocrx_word' id='word_1_253' title='bbox 83 3431 203 3491; x_wconf 89' lang='lat' dir='ltr'><strong>soutium</strong></span> <span class='ocrx_word' id='word_1_254' title='bbox 229 3429 277 3492; x_wconf 92' lang='lat' dir='ltr'><strong>vel</strong></span> <span class='ocrx_word' id='word_1_255' title='bbox 301 3451 422 3490; x_wconf 89' lang='lat' dir='ltr'><strong>urorum</strong></span> <span class='ocrx_word' id='word_1_256' title='bbox 446 3430 477 3490; x_wconf 90' lang='lat' dir='ltr'><strong>in</strong></span> <span class='ocrx_word' id='word_1_257' title='bbox 502 3450 605 3490; x_wconf 89' lang='lat' dir='ltr'><strong>nemus</strong></span> <span class='ocrx_word' id='word_1_258' title='bbox 628 3429 687 3504; x_wconf 88' lang='lat' dir='ltr'><strong>ire,</strong></span> <span class='ocrx_word' id='word_1_259' title='bbox 712 3441 745 3490; x_wconf 88' lang='lat' dir='ltr'><strong>et</strong></span> <span class='ocrx_word' id='word_1_260' title='bbox 760 3431 914 3492; x_wconf 89' lang='lat' dir='ltr'><strong>Persarum</strong></span> <span class='ocrx_word' id='word_1_261' title='bbox 939 3430 1058 3491; x_wconf 90' lang='lat' dir='ltr'><strong>nuntios</strong></span> <span class='ocrx_word' id='word_1_262' title='bbox 1077 3451 1175 3492; x_wconf 87' lang='lat' dir='ltr'><strong>secum</strong></span> 
     </span>
     <span class='ocr_line' id='line_1_33' title="bbox 84 3522 1174 3604; baseline 0.006 -24"><span class='ocrx_word' id='word_1_263' title='bbox 84 3535 161 3599; x_wconf 87' lang='lat' dir='ltr'><strong>parat</strong></span> <span class='ocrx_word' id='word_1_264' title='bbox 180 3525 316 3586; x_wconf 85' lang='lat' dir='ltr'><strong>educere.</strong></span> <span class='ocrx_word' id='word_1_265' title='bbox 340 3524 417 3600; x_wconf 86' lang='lat' dir='ltr'><strong>:Qui</strong></span> <span class='ocrx_word' id='word_1_266' title='bbox 438 3543 504 3584; x_wconf 92' lang='lat' dir='ltr'><strong>cum</strong></span> <span class='ocrx_word' id='word_1_267' title='bbox 523 3523 654 3604; x_wconf 85' lang='lat' dir='ltr'><strong>ingentia</strong></span> <span class='ocrx_word' id='word_1_268' title='bbox 673 3522 727 3584; x_wconf 60' lang='lat' dir='ltr'><strong>illa*</strong></span> <span class='ocrx_word' id='word_1_269' title='bbox 747 3525 880 3588; x_wconf 82' lang='lat' dir='ltr'><strong>uiderent</strong></span> <span class='ocrx_word' id='word_1_270' title='bbox 904 3523 1055 3600; x_wconf 86' lang='lat' dir='ltr'><strong>animalia,</strong></span> <span class='ocrx_word' id='word_1_271' title='bbox 1082 3525 1174 3586; x_wconf 87' lang='lat' dir='ltr'><strong>nimio</strong></span> 
     </span>
     <span class='ocr_line' id='line_1_34' title="bbox 75 3615 1237 3699; baseline 0.005 -27"><span class='ocrx_word' id='word_1_272' title='bbox 75 3615 186 3689; x_wconf 76' lang='lat' dir='ltr'><strong>&#39;pavore</strong></span> <span class='ocrx_word' id='word_1_273' title='bbox 205 3616 341 3696; x_wconf 90' lang='lat' dir='ltr'><strong>perculsi,</strong></span> <span class='ocrx_word' id='word_1_274' title='bbox 361 3616 393 3676; x_wconf 92' lang='lat' dir='ltr'><strong>in</strong></span> <span class='ocrx_word' id='word_1_275' title='bbox 412 3617 512 3699; x_wconf 84' lang='lat' dir='ltr'><strong>lugam</strong></span> <span class='ocrx_word' id='word_1_276' title='bbox 532 3617 664 3678; x_wconf 88' lang='lat' dir='ltr'><strong>conversi</strong></span> <span class='ocrx_word' id='word_1_277' title='bbox 683 3627 758 3678; x_wconf 89' lang='lat' dir='ltr'><strong>sunt.</strong></span> <span class='ocrx_word' id='word_1_278' title='bbox 802 3617 843 3676; x_wconf 79' lang='lat' dir='ltr'><strong>At</strong></span> <span class='ocrx_word' id='word_1_279' title='bbox 868 3638 931 3676; x_wconf 91' lang='lat' dir='ltr'><strong>non</strong></span> <span class='ocrx_word' id='word_1_280' title='bbox 949 3617 1067 3686; x_wconf 81' lang='lat' dir='ltr'><strong>territus</strong></span> <span class='ocrx_word' id='word_1_281' title='bbox 1086 3619 1175 3678; x_wconf 88' lang='lat' dir='ltr'><strong>heros</strong></span> <span class='ocrx_word' id='word_1_282' title='bbox 1233 3687 1237 3696; x_wconf 64' lang='lat'><strong>.</strong></span> 
     </span>
     <span class='ocr_line' id='line_1_35' title="bbox 84 3703 1220 3790; baseline 0.004 -25"><span class='ocrx_word' id='word_1_283' title='bbox 84 3703 211 3785; x_wconf 87' lang='lat' dir='ltr'><strong>Karolus,</strong></span> <span class='ocrx_word' id='word_1_284' title='bbox 231 3709 314 3770; x_wconf 91' lang='lat' dir='ltr'><strong>utin</strong></span> <span class='ocrx_word' id='word_1_285' title='bbox 335 3729 412 3790; x_wconf 92' lang='lat' dir='ltr'><strong>equo</strong></span> <span class='ocrx_word' id='word_1_286' title='bbox 423 3710 545 3772; x_wconf 91' lang='lat' dir='ltr'><strong>sedebat</strong></span> <span class='ocrx_word' id='word_1_287' title='bbox 564 3711 716 3784; x_wconf 83' lang='lat' dir='ltr'><strong>acerrimo,</strong></span> <span class='ocrx_word' id='word_1_288' title='bbox 736 3709 975 3790; x_wconf 89' lang='lat' dir='ltr'><strong>appropinquans</strong></span> <span class='ocrx_word' id='word_1_289' title='bbox 992 3709 1043 3770; x_wconf 92' lang='lat' dir='ltr'><strong>uni</strong></span> <span class='ocrx_word' id='word_1_290' title='bbox 1063 3728 1175 3785; x_wconf 84' lang='lat' dir='ltr'><strong>eorum,</strong></span> <span class='ocrx_word' id='word_1_291' title='bbox 1215 3746 1220 3758; x_wconf 82' lang='lat'><strong>·</strong></span> 
     </span>
    </p>

    <p class='ocr_par' dir='ltr' id='par_1_7' title="bbox 35 3801 1274 3980">
     <span class='ocr_line' id='line_1_36' title="bbox 35 3801 1274 3888; baseline 0.004 -32"><span class='ocrx_word' id='word_1_292' title='bbox 35 3879 36 3888; x_wconf 9' lang='grc' dir='ltr'>ἵ</span> <span class='ocrx_word' id='word_1_293' title='bbox 85 3811 204 3863; x_wconf 80' lang='lat' dir='ltr'><strong>extracta</strong></span> <span class='ocrx_word' id='word_1_294' title='bbox 224 3813 305 3882; x_wconf 86' lang='lat' dir='ltr'><strong>spata</strong></span> <span class='ocrx_word' id='word_1_295' title='bbox 325 3804 469 3866; x_wconf 85' lang='lat' dir='ltr'><strong>cervicem</strong></span> <span class='ocrx_word' id='word_1_296' title='bbox 489 3803 551 3864; x_wconf 89' lang='lat' dir='ltr'><strong>eius</strong></span> <span class='ocrx_word' id='word_1_297' title='bbox 575 3803 725 3864; x_wconf 88' lang='lat' dir='ltr'><strong>abscidere</strong></span> <span class='ocrx_word' id='word_1_298' title='bbox 750 3801 929 3878; x_wconf 83' lang='lat' dir='ltr'><strong>conahatur,</strong></span> <span class='ocrx_word' id='word_1_299' title='bbox 958 3804 1009 3863; x_wconf 90' lang='lat' dir='ltr'><strong>sed</strong></span> <span class='ocrx_word' id='word_1_300' title='bbox 1035 3804 1174 3864; x_wconf 81' lang='lat' dir='ltr'><strong>latntrato</strong></span> <span class='ocrx_word' id='word_1_301' title='bbox 1271 3877 1274 3886; x_wconf 70' lang='lat'><strong>.</strong></span> 
     </span>
     <span class='ocr_line' id='line_1_37' title="bbox 84 3889 1243 3994; baseline 0.002 -44"><span class='ocrx_word' id='word_1_302' title='bbox 84 3889 148 3967; x_wconf 88' lang='lat' dir='ltr'><strong>ictu,</strong></span> <span class='ocrx_word' id='word_1_303' title='bbox 167 3895 344 3976; x_wconf 85' lang='lat' dir='ltr'><strong>galliculam</strong></span> <span class='ocrx_word' id='word_1_304' title='bbox 341 3897 441 3994; x_wconf 51' lang='lat' dir='ltr'><strong>regisx</strong></span> <span class='ocrx_word' id='word_1_305' title='bbox 448 3909 479 3958; x_wconf 88' lang='lat' dir='ltr'><strong>ct</strong></span> <span class='ocrx_word' id='word_1_306' title='bbox 497 3895 647 3958; x_wconf 83' lang='lat' dir='ltr'><strong>fasciolam</strong></span> <span class='ocrx_word' id='word_1_307' title='bbox 659 3894 759 3956; x_wconf 86' lang='lat' dir='ltr'><strong>serus</strong></span> <span class='ocrx_word' id='word_1_308' title='bbox 750 3894 968 3956; x_wconf 75' lang='lat' dir='ltr'><strong>immanissimus</strong></span> <span class='ocrx_word' id='word_1_309' title='bbox 982 3897 1176 3974; x_wconf 90' lang='lat' dir='ltr'><strong>disrumpens,</strong></span> <span class='ocrx_word' id='word_1_310' title='bbox 1238 3923 1243 3932; x_wconf 91' lang='lat'><strong>·</strong></span> 
     </span>
    </p>

    <p class='ocr_par' dir='ltr' id='par_1_8' title="bbox 35 3983 1175 4078">
     <span class='ocr_line' id='line_1_38' title="bbox 35 3983 1175 4078; baseline 0.001 -38"><span class='ocrx_word' id='word_1_311' title='bbox 35 4053 37 4078; x_wconf 54' lang='grc' dir='ltr'>Ι</span> <span class='ocrx_word' id='word_1_312' title='bbox 84 3983 237 4065; x_wconf 84' lang='lat' dir='ltr'><strong>tibiamque</strong></span> <span class='ocrx_word' id='word_1_313' title='bbox 257 3988 333 4048; x_wconf 90' lang='lat' dir='ltr'><strong>illius</strong></span> <span class='ocrx_word' id='word_1_314' title='bbox 354 4009 466 4052; x_wconf 89' lang='lat' dir='ltr'><strong>summo</strong></span> <span class='ocrx_word' id='word_1_315' title='bbox 485 3990 555 4053; x_wconf 89' lang='lat' dir='ltr'><strong>licet</strong></span> <span class='ocrx_word' id='word_1_316' title='bbox 575 3986 892 4067; x_wconf 79' lang='lat' dir='ltr'><strong>cornuperstringens,</strong></span> <span class='ocrx_word' id='word_1_317' title='bbox 911 3990 999 4071; x_wconf 87' lang='lat' dir='ltr'><strong>paulo</strong></span> <span class='ocrx_word' id='word_1_318' title='bbox 1014 3987 1175 4052; x_wconf 83' lang='lat' dir='ltr'><strong>tardiorem</strong></span> 
     </span>
    </p>

    <p class='ocr_par' dir='ltr' id='par_1_9' title="bbox 35 4065 1176 4163">
     <span class='ocr_line' id='line_1_39' title="bbox 35 4065 1176 4163; baseline -0.001 -30"><span class='ocrx_word' id='word_1_319' title='bbox 35 4107 36 4116; x_wconf 37' lang='grc' dir='ltr'>ι</span> <span class='ocrx_word' id='word_1_320' title='bbox 85 4077 214 4155; x_wconf 89' lang='lat' dir='ltr'><strong>reddidit,</strong></span> <span class='ocrx_word' id='word_1_321' title='bbox 234 4091 265 4139; x_wconf 92' lang='lat' dir='ltr'><strong>et</strong></span> <span class='ocrx_word' id='word_1_322' title='bbox 283 4080 314 4139; x_wconf 88' lang='lat' dir='ltr'><strong>in</strong></span> <span class='ocrx_word' id='word_1_323' title='bbox 335 4082 496 4146; x_wconf 89' lang='lat' dir='ltr'><strong>convallem</strong></span> <span class='ocrx_word' id='word_1_324' title='bbox 507 4083 686 4154; x_wconf 88' lang='lat' dir='ltr'><strong>tutissimam,</strong></span> <span class='ocrx_word' id='word_1_325' title='bbox 706 4077 793 4162; x_wconf 87' lang='lat' dir='ltr'><strong>liguis</strong></span> <span class='ocrx_word' id='word_1_326' title='bbox 806 4092 835 4139; x_wconf 90' lang='lat' dir='ltr'><strong>et</strong></span> <span class='ocrx_word' id='word_1_327' title='bbox 850 4081 993 4163; x_wconf 89' lang='lat' dir='ltr'><strong>lapidibus</strong></span> <span class='ocrx_word' id='word_1_328' title='bbox 1004 4065 1176 4159; x_wconf 82' lang='lat' dir='ltr'><strong>asperatam,</strong></span> 
     </span>
    </p>

    <p class='ocr_par' dir='ltr' id='par_1_10' title="bbox 35 4167 1176 4260">
     <span class='ocr_line' id='line_1_40' title="bbox 35 4167 1176 4260; baseline 0.004 -36"><span class='ocrx_word' id='word_1_329' title='bbox 35 4167 38 4260; x_wconf 64' lang='lat' dir='ltr'><strong>l</strong></span> <span class='ocrx_word' id='word_1_330' title='bbox 87 4186 160 4228; x_wconf 91' lang='lat' dir='ltr'><strong>cassu</strong></span> <span class='ocrx_word' id='word_1_331' title='bbox 179 4170 300 4234; x_wconf 86' lang='lat' dir='ltr'><strong>vnlnere</strong></span> <span class='ocrx_word' id='word_1_332' title='bbox 326 4174 453 4236; x_wconf 89' lang='lat' dir='ltr'><strong>irritatus</strong></span> <span class='ocrx_word' id='word_1_333' title='bbox 479 4175 601 4256; x_wconf 83' lang='lat' dir='ltr'><strong>aufugit</strong></span> <span class='ocrx_word' id='word_1_334' title='bbox 647 4173 781 4253; x_wconf 90' lang='lat' dir='ltr'><strong>Cumque</strong></span> <span class='ocrx_word' id='word_1_335' title='bbox 807 4175 843 4236; x_wconf 92' lang='lat' dir='ltr'><strong>ad</strong></span> <span class='ocrx_word' id='word_1_336' title='bbox 868 4175 1039 4254; x_wconf 91' lang='lat' dir='ltr'><strong>obsequium</strong></span> <span class='ocrx_word' id='word_1_337' title='bbox 1065 4167 1176 4230; x_wconf 89' lang='lat' dir='ltr'><strong>domiui</strong></span> 
     </span>
    </p>

    <p class='ocr_par' dir='ltr' id='par_1_11' title="bbox 35 4259 1175 4380">
     <span class='ocr_line' id='line_1_41' title="bbox 35 4259 1175 4380; baseline -0.002 -55"><span class='ocrx_word' id='word_1_338' title='bbox 35 4263 37 4380; x_wconf 54' lang='lat' dir='ltr'><strong>q</strong></span> <span class='ocrx_word' id='word_1_339' title='bbox 84 4262 177 4325; x_wconf 76' lang='lat' dir='ltr'><strong>suncti</strong></span> <span class='ocrx_word' id='word_1_340' title='bbox 195 4285 272 4342; x_wconf 88' lang='lat' dir='ltr'><strong>pene</strong></span> <span class='ocrx_word' id='word_1_341' title='bbox 293 4265 390 4328; x_wconf 80' lang='lat' dir='ltr'><strong>hossas</strong></span> <span class='ocrx_word' id='word_1_342' title='bbox 403 4267 434 4344; x_wconf 84' lang='lat'><strong>¹)</strong></span> <span class='ocrx_word' id='word_1_343' title='bbox 454 4287 517 4328; x_wconf 88' lang='lat' dir='ltr'><strong>suas</strong></span> <span class='ocrx_word' id='word_1_344' title='bbox 538 4265 647 4331; x_wconf 88' lang='lat' dir='ltr'><strong>vellent</strong></span> <span class='ocrx_word' id='word_1_345' title='bbox 667 4268 828 4345; x_wconf 72' lang='lat' dir='ltr'><strong>extrahere,</strong></span> <span class='ocrx_word' id='word_1_346' title='bbox 847 4268 897 4327; x_wconf 88' lang='lat' dir='ltr'><strong>ille</strong></span> <span class='ocrx_word' id='word_1_347' title='bbox 910 4261 1061 4346; x_wconf 88' lang='lat' dir='ltr'><strong>prohibuit</strong></span> <span class='ocrx_word' id='word_1_348' title='bbox 1077 4259 1175 4322; x_wconf 89' lang='lat' dir='ltr'><strong>dicens</strong></span> 
     </span>
    </p>
   </div>
   <div class='ocr_carea' id='block_1_4' title="bbox 85 4360 277 4452">
    <p class='ocr_par' dir='ltr' id='par_1_12' title="bbox 85 4360 277 4452">
     <span class='ocr_line' id='line_1_42' title="bbox 85 4360 277 4396; baseline 0 -14"><span class='ocrx_word' id='word_1_349' title='bbox 85 4360 277 4396; x_wconf 73' lang='lat'><strong>—-.-,...</strong></span> 
     </span>
     <span class='ocr_line' id='line_1_43' title="bbox 123 4402 238 4452; baseline -0.042 0.421"><span class='ocrx_word' id='word_1_350' title='bbox 123 4402 141 4452; x_wconf 86' lang='lat'><strong>¹)</strong></span> <span class='ocrx_word' id='word_1_351' title='bbox 153 4405 238 4452; x_wconf 84' lang='lat' dir='ltr'><strong>lloren.</strong></span> 
     </span>
    </p>
   </div>
   <div class='ocr_carea' id='block_1_5' title="bbox 836 4469 937 4570">
    <p class='ocr_par' dir='ltr' id='par_1_13' title="bbox 836 4469 937 4570">
     <span class='ocr_line' id='line_1_44' title="bbox 836 4469 937 4570; baseline 0.01 -18"><span class='ocrx_word' id='word_1_352' title='bbox 836 4561 839 4570; x_wconf 55' lang='grc'>,</span> <span class='ocrx_word' id='word_1_353' title='bbox 875 4469 937 4553; x_wconf 83' lang='lat' dir='ltr'><strong>[t]</strong></span> 
     </span>
    </p>
   </div>
   <div class='ocr_carea' id='block_1_6' title="bbox 0 0 1492 5094">
    <p class='ocr_par' dir='ltr' id='par_1_14' title="bbox 0 0 1492 5094">
     <span class='ocr_line' id='line_1_45' title="bbox 0 0 1492 5094; baseline 0 0"><span class='ocrx_word' id='word_1_354' title='bbox 0 0 1492 5094; x_wconf 95' lang='lat' dir='ltr'><strong> </strong></span> 
     </span>
    </p>
   </div>
  </div>
 </body>
</html>
