2960 5094
167 659 172 673 ,
270 617 367 674 veruo
384 603 478 688 regali
497 602 624 666 culmine
642 599 781 662 hahemus
799 598 944 660 fiduciam.
989 597 1073 660 Dicit
1097 595 1176 658 euim
1199 594 1371 658 Psalmista:

271 699 431 782 Disperdat
453 696 599 758 Dominus
629 693 764 756 universa
792 691 870 756 labia
899 689 1002 752 dolosa
1031 703 1063 753 et
1092 691 1222 774 linguam
1250 683 1373 750 maliloss

271 815 368 876 quam,
388 791 438 872 qui
456 789 525 852 talia
545 787 632 850 nohis
650 787 780 848 inaudita
798 785 873 848 mala
881 795 1053 868 suggerunt,
1072 795 1103 846 et
1117 784 1239 846 crimina
1258 783 1289 844 in
1308 803 1374 844 no.

224 908 226 916 ’
264 887 335 948 suis
356 881 564 948 Sacerdotibus
583 891 708 962 ponunt
744 878 826 940 Deus
846 889 943 940 autem
962 888 1064 939 noster
1082 897 1151 940 suae
1170 875 1373 958 protectionis

269 981 389 1042 dextera
417 997 469 1038 vos
499 992 672 1038 conservare
705 971 842 1054 dignetur
871 971 908 1030 ad
938 970 1143 1032 exaltationem
1168 980 1284 1032 sanetae
1308 968 1375 1030 Dei

269 1072 420 1134 Romanae
438 1067 597 1130 Ecclesiae.
634 1065 817 1128 incolumem
834 1063 1045 1125 &cedentium
1063 1075 1187 1127 vestram
1205 1061 1301 1147 gratia
1320 1084 1375 1126 su-

270 1185 363 1245 perna
382 1161 534 1224 custodiat

719 1288 918 1308 aum-

766 1470 857 1540 XIX.

156 1605 163 1616 “
269 1545 426 1662 stanam
447 1597 615 1668 ana-tom
635 1597 687 1652 ud
708 1597 900 1652 dommum
920 1597 1071 1666 Benene
1088 1594 1294 1666 corolum,
1317 1593 1373 1649 sle
1473 1645 1474 1668 ,

286 1680 578 1760 ‚mundone
599 1693 716 1736 verae
737 1677 850 1750 fluet,
876 1685 917 1736 et
937 1679 1134 1752 napum
1149 1679 1353 1736 catholieo
1470 1689 1474 1715 2

633 1765 802 1822 morellis
827 1765 1000 1836 populls.

242 1925 243 1932 ¹
326 1852 459 1963 Domino
480 1898 732 1976 excellentissimo,
752 1899 832 1960 etin
857 1899 938 1960 omni
962 1898 1074 1960 Christi
1097 1898 1214 1958 honore
1239 1896 1371 1960 devotis-

231 2047 236 2052 .
269 1995 346 2059 simo
364 1993 476 2058 Carolo
496 1989 573 2074 llegi
593 1992 788 2069 Germaniae,
812 1989 928 2054 Galliae
953 2004 1040 2072 atque
1064 1991 1185 2066 Italiae,
1213 2002 1244 2052 et
1262 1989 1371 2052 sanctis

271 2089 356 2150 verbi
378 2085 650 2160 Praedicatoribus,
680 2085 797 2148 humilis
822 2097 938 2148 sanctae
962 2085 1061 2146 matris
1084 2083 1234 2146 Ecclesiae
1260 2082 1371 2144 filiolus

177 2175 185 2188 “
267 2180 394 2242 Albinus
413 2192 550 2243 aeternae
569 2179 682 2262 gloriae
702 2180 734 2238 in
745 2177 865 2240 Christo
884 2179 1015 2240 salutem.
1046 2176 1152 2238 Gloria
1168 2186 1199 2236 et
1217 2174 1278 2235 laus
1297 2175 1370 2246 Deo
1471 2202 1475 2233 r

163 2297 166 2306 ·
268 2274 351 2338 Patri
371 2286 401 2334 et
418 2273 550 2336 Domino
570 2283 673 2334 nostro
692 2261 765 2334 deso
786 2270 920 2342 Christo;
940 2270 1007 2349 quia
1026 2269 1057 2328 in
1077 2268 1171 2351 gratia
1182 2265 1282 2328 Sancti
1294 2266 1373 2348 Spi-
1473 2238 1474 2280 l

267 2368 352 2445 ritus,
370 2387 425 2449 per
444 2365 634 2428 devotionem
655 2375 685 2426 et
703 2362 895 2424 ministerium
914 2373 1031 2422 sanctae
1058 2361 1128 2422 lidei
1147 2360 1291 2434 etbonae
1309 2379 1372 2420 uo-

269 2460 390 2522 luntatis
409 2471 533 2533 vestrae,
554 2455 781 2518 Christianitatis
795 2475 919 2538 regnum
929 2465 1017 2536 atque
1036 2454 1217 2537 agnitionem
1236 2452 1374 2528 veriDei

269 2547 415 2624 dilatarit,
440 2561 471 2610 et
493 2548 636 2630 plurimos
659 2546 750 2630 longe
775 2548 892 2628 lateque
922 2549 1049 2631 populos
1069 2547 1106 2608 ab
1127 2545 1291 2634 errroribus
1310 2545 1369 2608 im·
1473 2541 1474 2546 ’

268 2645 385 2725 pictatis
404 2642 436 2702 in
455 2642 530 2706 viam
548 2641 677 2702 veritatis
697 2641 821 2702 deduxit.
858 2641 960 2717 Qualis
981 2642 1038 2702 erit
1057 2641 1112 2702 tibi
1131 2639 1237 2724 glorie,
1257 2659 1276 2700 o
1295 2637 1369 2700 bea-

268 2737 377 2798 tissime
396 2733 469 2806 Rex,
487 2733 525 2793 iu'
539 2733 587 2794 die
607 2742 743 2793 aeternae
762 2732 976 2808 retributionis,
996 2733 1114 2813 quando
1132 2734 1164 2796 hi
1185 2753 1297 2807 omnes,
1316 2732 1370 2811 qui

268 2847 324 2908 per
341 2840 421 2888 tuam
440 2823 668 2894 sollicitudinem
687 2823 724 2883 ab
750 2823 904 2886 idolatriae
929 2826 1042 2889 cultura
1066 2828 1104 2888 ad
1128 2825 1370 2910 cognoscendum

267 2939 369 2982 verum
388 2918 485 2978 Deum
505 2916 639 2978 conversi
657 2927 735 2993 suut,
754 2930 784 2978 te
804 2930 872 2980 ante
891 2917 1021 2980 tribunal
1040 2919 1164 2980 Domini
1183 2918 1279 2980 nostri
1296 2918 1370 2978 Jesu

221 3071 224 3078 .
270 3011 382 3076 Christi
398 3011 431 3072 in
451 3011 537 3074 beata
556 3009 634 3072 forte
653 3021 778 3072 stantem
797 3025 971 3092 sequentum
991 3025 1021 3074 et
1039 3034 1073 3074 ex
1090 3013 1133 3074 bis
1152 3012 1368 3091 omnibusper-

268 3118 358 3188 petua
377 3104 567 3168 beatitudinis
586 3124 698 3166 merces
717 3105 893 3188 augebitur?
930 3109 1010 3168 Ecce
1032 3117 1140 3186 quanta
1160 3105 1316 3185 devotione
1338 3117 1370 3166 et

235 3235 241 3242 =
269 3191 462 3284 benignitate
480 3217 535 3280 pro
561 3195 733 3258 dilatatione
764 3198 891 3260 nominis
918 3198 1044 3274 Christi,
1074 3197 1213 3259 duriciam
1242 3197 1369 3260 infelicis

268 3291 373 3373 populi
393 3293 540 3356 Saxonum
564 3309 618 3372 per
642 3311 730 3352 verae
755 3291 853 3352 salutis
879 3291 1034 3353 consilium
1059 3291 1194 3352 emollire
1218 3291 1369 3356 laborasti.

269 3385 332 3444 Sed
352 3385 418 3462 quia
432 3385 538 3445 electio
558 3385 683 3446 necdum
703 3386 733 3446 in
753 3384 811 3448 illis
823 3384 919 3448 divina
931 3384 1019 3446 luisse
1038 3384 1164 3460 videtur,
1182 3395 1370 3446 remanerent

269 3468 326 3538 hut
345 3495 438 3553 usque
457 3475 540 3534 multi
560 3495 594 3536 ex
612 3478 669 3539 illis
689 3501 754 3539 cum
775 3479 894 3540 diabolo
915 3478 1070 3538 damnandi
1088 3479 1118 3536 in
1138 3473 1273 3536 sordibus
1293 3495 1370 3536 con-

269 3565 431 3631 suetudinis
449 3566 599 3647 pessimae.
637 3568 733 3629 Tuam
751 3580 865 3646 nmen,
889 3590 908 3630 o
934 3570 1119 3635 veritatis=et
1137 3568 1236 3630 salutis
1256 3569 1369 3633 muto.

207 3688 212 3699 “
269 3682 334 3722 rum
354 3672 476 3736 amator,
496 3659 637 3740 optimam
655 3661 837 3722 voluntatem
861 3663 972 3724 maiore
1000 3661 1096 3745 gloria
1122 3673 1152 3722 et
1171 3660 1256 3722 laude
1277 3659 1370 3722 Chri·
1477 3719 1478 3734 ,

270 3763 316 3816 sto
336 3774 523 3815 remunerare
549 3752 666 3834 placuit.
715 3753 828 3816 Gentes
855 3755 1040 3836 populosque
1065 3755 1222 3816 Hunorum
1248 3753 1370 3842 antiqua

270 3845 392 3908 feritate
407 3858 437 3906 et
455 3847 627 3910 fortitudine
653 3847 852 3909 formidabiles
880 3850 935 3910 tuis
958 3871 1011 3912 suo
1035 3849 1152 3912 bonore
1175 3846 1370 3910 militantibus
1477 3855 1478 3878 ¹

270 3937 412 4004 subdidit:
436 3942 703 4022 praevenienteque
729 3941 838 4023 gratia,
871 3941 947 4004 colla
967 3943 1017 4002 diu
1040 3943 1244 4024 superbissima
1262 3949 1369 4004 'sacrae

271 4033 340 4096 fidei
358 4033 429 4116 iugo
457 4033 585 4094 devinxit
610 4047 641 4096 et
664 4035 757 4096 caecis
782 4034 819 4095 ab
844 4035 966 4114 antiquo
995 4048 1131 4117 tempore
1154 4037 1301 4100 mentibus
1320 4037 1368 4100 lu·

270 4148 339 4190 men
357 4127 488 4189 veritatis
507 4126 623 4188 infudit.
1010 4145 1014 4154 ’

183 4209 190 4222 ’
346 4220 407 4282 Sed
425 4240 503 4280 nunc
522 4219 690 4300 praevideas
707 4218 916 4300 sapientissima
935 4231 966 4280 ct
980 4220 1048 4282 Deo
1068 4222 1219 4303 placabilis
1236 4225 1372 4290 Devotio

214 4357 227 4372 .
270 4319 364 4372 vestm
383 4313 449 4392 pios
460 4312 574 4394 popedo
584 4313 703 4378 novello
716 4315 942 4396 praedicatores,
960 4314 1091 4378 moribus
1101 4317 1251 4396 honestos,
1270 4320 1370 4382 scien-

270 4401 311 4467 tia
329 4419 427 4468 tarrae
446 4406 515 4470 fidei
534 4407 655 4472 edoctos
674 4407 898 4492 etllsangelicis
917 4409 1082 4491 praeceptis
1092 4408 1232 4490 imbutos,
1249 4425 1371 4476 saucto-
