2960 5094
713 425 886 496 '¹10

306 579 583 664 {estimatione
607 579 751 661 passionis
775 581 837 646 eius
861 583 898 644 ab
912 552 1050 649 estimo·
1069 591 1172 652 mortis
1197 595 1419 674 periculones
1456 563 1457 624 l

207 675 212 686 ’
304 678 474 756 redemptos
492 695 556 745 esse
568 673 765 752 confidimus,
789 667 839 752 ea,
866 697 941 758 quae
957 679 1209 764 ipso·inspirante
1230 687 1419 770 inchoamus,

305 771 519 832 abbonessum
538 780 569 830 et
587 768 696 830 utilem*
710 766 900 847 perfectionis
925 773 1082 836 terminum
1106 779 1278 858 perducere
1303 803 1417 846 merea-

303 859 377 944 mur'.
435 861 472 924 In
507 861 587 922 cuius
619 863 742 924 nomine
770 873 859 943 atque
890 865 1006 929 bonore
1040 868 1184 954 Legatmn
1203 875 1417 940 Fraternitatis

302 957 440 1030 nottrae,
473 975 562 1034 quem
591 955 628 1016 ad
659 955 771 1016 bonnm
800 959 1014 1020 recordationis
1044 961 1135 1024 filium
1164 979 1310 1031 nostrum
1335 973 1416 1054 Pipi-

301 1067 373 1109 num
400 1045 515 1130 Regem
545 1048 699 1125 misistis„
720 1049 916 1130 Arsapbium,
943 1051 1055 1116 scilieet
1082 1057 1251 1139 gloriosum
1286 1063 1413 1148 Spatba-

300 1139 462 1216 rium,·ad
489 1160 544 1202 nos
568 1159 634 1202 cum
659 1142 757 1204 verbis
782 1154 812 1202 et
846 1142 939 1204 literis
965 1189 972 1203 .
999 1187 1007 1204 .
1099 1161 1168 1212 tuae
1196 1154 1342 1242 benigne
1373 1172 1413 1222 at-

302 1251 361 1316 que
391 1231 557 1296 honorilice
582 1233 770 1314 suscepimus.
827 1237 867 1296 Et
898 1240 1027 1316 quamvis
1057 1243 1094 1302 ad
1124 1264 1180 1306 nos
1213 1251 1324 1314 missus
1353 1273 1411 1313 non

300 1323 413 1404 luisset,
436 1323 535 1391 'veluti
560 1326 597 1386 a‘d
626 1343 682 1386 nos
711 1326 830 1387 missum
862 1327 994 1391 adbibita
1013 1333 1159 1416 diligenti
1188 1361 1268 1405 cura
1301 1357 1334 1407 et
1363 1367 1410 1407 au-

299 1417 437 1495 dicimus,
471 1429 503 1478 ct
533 1437 599 1478 mm
630 1435 667 1476 eo
695 1420 733 1480 de
763 1420 823 1496 bis,
860 1441 936 1501 quae
972 1425 1104 1502 detulit„
1130 1431 1198 1510 quis
1232 1439 1409 1516 prudentem

298 1511 567 1587 animadvertimus,
591 1505 824 1574 collocutionem
849 1515 1011 1580 babuimus.
1066 1519 1132 1582 Nec
1163 1525 1322 1592 immerito
1348 1553 1408 1593 cum

296 1617 378 1667 tanta
399 1615 476 1667 esset
494 1623 559 1664 non
576 1613 690 1664 tantum
708 1605 741 1665 in
761 1605 863 1682 literis,
883 1627 954 1687 quas
973 1611 1088 1690 adtulit,
1107 1617 1272 1682 sedetiam
1292 1624 1325 1684 in
1344 1647 1405 1686 ver-

296 1699 352 1777 bis,
372 1693 448 1779 quae
468 1713 503 1757 en
522 1715 575 1780 ore
599 1695 678 1758 illius
703 1699 811 1762 nostris
840 1701 959 1763 auribus
983 1704 1194 1788 insonuerunt,
1224 1728 1349 1796 optatae
1375 1739 1405 1779 ae

294 1811 413 1872 sempor
437 1790 694 1871 optandac'pacis
713 1793 814 1873 eopia,
843 1805 877 1855 ut
899 1795 984 1856 ualde
1008 1797 1096 1860 nobis
1121 1815 1152 1863 et
1177 1809 1403 1892 quibuscunque

294 1875 398 1948 Deum
426 1884 589 1946 amantibus
618 1884 822 1947 huiuscemodi
849 1887 959 1972 legatio
988 1890 1106 1970 placere
1135 1901 1301 1975 potuisset:
1334 1925 1404 1986 quae

293 1978 415 2060 ubique
426 1989 511 2039 tanto
531 1978 588 2038 snit
607 1973 733 2039 cantatis
753 1979 887 2061 ac'p'acis
911 1980 979 2043 favo
1008 2003 1156 2068 respersa,
1181 1991 1227 2053 nt'
1243 1995 1277 2056 in
1305 1999 1401 2078 palato

293 2073 391 2134 cordis
410 2071 551 2152 cuiusque
571 2070 666 2132 idelis
685 2091 784 2155 veram
807 2085 908 2153 posset
931 2095 1035 2156 sapere
1055 2078 1257 2151 dulcedinem:
1284 2103 1400 2170 posset·

292 2181 350 2245 que
369 2164 493 2226 iudicari
512 2163 629 2246 penitus
649 2163 799 2244 iusipiens,
819 2167 866 2226 cui
889 2168 958 2230 talia
977 2170 1113 2235 ridentur
1135 2178 1273 2258 insipida.
1323 2184 1399 2244 Pro·

291 2269 359 2342 pter
377 2258 460 2340 quod
478 2268 634 2338 postquam
654 2257 786 2318 illumin
805 2259 878 2320 lines
904 2262 991 2342 regni
1010 2268 1104 2327 nostri
1127 2273 1297 2350 pervenisse
1316 2295 1400 2336 corn.

289 2353 434 2433 perimus,
456 2351 549 2415 veluti
567 2350 692 2431 praescii
708 2349 839 2432 optimae
858 2373 893 2412 ac
912 2353 981 2416 Deo
1002 2361 1200 2440 complacidae
1219 2366 1395 2451 Legationis

290 2445 363 2522 eius,
381 2445 548 2524 temperare
567 2440 760 2522 nequivimus,
775 2455 953 2526 opportune
965 2469 1030 2512 eum
1043 2453 1081 2513 ad
1100 2469 1232 2520 nostram
1255 2481 1396 2542 praesen-

288 2538 360 2598 tiam
379 2536 483 2599 venire
501 2533 638 2594 fecimus:
659 2531 781 2598 maxime
800 2549 899 2601 tamen
920 2541 1000 2623 quod
1019 2545 1054 2622 is,
1072 2550 1110 2610 ad
1130 2569 1218 2629 quem
1233 2553 1317 2615 illum
1329 2557 1394 2615 mis-

289 2649 354 2691 sum
374 2647 436 2690 esse
457 2621 623 2703 constabat,
643 2627 765 2690 dilectus
785 2630 860 2693 filius
880 2647 982 2696 noster
1000 2637 1123 2718 Pipinus
1147 2643 1209 2706 Rex
1230 2648 1290 2708 iam
1310 2647 1393 2728 rebus

288 2709 619 2782 hunanis'excesserass
638 2739 735 2801 neque
755 2743 809 2785 uos
828 2723 910 2786 illum
929 2749 995 2789 cum
1019 2731 1132 2796 iniecto
1151 2735 1391 2823 negotip'tanto,

288 2813 325 2872 ad
350 2815 432 2893 quod
460 2812 671 2894 perficiendum
705 2815 832 2878 directus
868 2830 945 2894 erate
970 2839 1091 2886 vacuum
1116 2834 1227 2894 reverti
1252 2837 1315 2916 pati
1338 2855 1389 2916 po-

286 2905 403 2965 tuimus.
613 2923 615 2928 '

296 3036 298 3045 1
345 2999 386 3058 Et
404 3017 467 3060 nou
486 2999 581 3062 solum
601 3011 725 3082 propter
744 3003 812 3080 boc,
832 3005 883 3066 sed
903 3009 991 3069 etiam
1011 3013 1091 3090 quod
1111 3035 1145 3074 ex
1163 3027 1313 3099 tempore,
1333 3039 1388 3101 quo

286 3091 384 3172 primo
410 3092 529 3174 imperii
558 3095 601 3154 tui
631 3115 710 3156 anno
735 3096 908 3159 Micbaclem
935 3101 1198 3184 Metropolitanum
1233 3125 1264 3173 et
1293 3135 1386 3194 popu-

285 3185 346 3248 lum
366 3187 510 3249 assiduum
536 3185 669 3264 Abaten,
706 3182 906 3271 Calist'umque
934 3195 1096 3275 gloriosum
1125 3198 1324 3266 Candidatum
1353 3205 1385 3265 ad

287 3281 521 3343 constituendam
558 3279 711 3342 nobiscum
746 3303 849 3364 pacem
880 3298 909 3346 et
937 3288 1118 3351 foederanda
1150 3306 1239 3375 atque
1279 3301 1385 3361 coadu-

285 3370 382 3428 nanda
403 3373 474 3432 haec
495 3375 553 3434 duo
573 3375 604 3434 in
626 3373 737 3438 Christi
756 3379 891 3458 caritate,
910 3379 1054 3464 longaeva
1073 3395 1123 3446 tua
1143 3389 1221 3448 misit
1239 3391 1385 3463 Dilectio;

285 3459 377 3523 veluti
397 3460 428 3519 in
448 3464 565 3542 specula
578 3467 668 3544 positi
678 3469 768 3550 longa
776 3461 885 3532 'fuimus
903 3476 1118 3554 exspectatione
1137 3483 1280 3560 suspensi,
1299 3505 1383 3564 prae-

284 3552 424 3614 stolantes
444 3553 505 3614 sive
524 3551 579 3634 per
597 3555 741 3638 Legatum
761 3559 820 3621 sive
841 3583 895 3642 per
915 3565 1086 3648 epistolam,
1113 3575 1230 3652 quando
1245 3578 1382 3644 ,merito-

282 3665 347 3705 rum
367 3645 482 3728 scriptis
502 3648 608 3710 nostris
628 3651 764 3713 amabilia
776 3653 978 3720 Fraternitatis
997 3673 1066 3724 tuae
1085 3685 1231 3746 responsa
1251 3669 1380 3749 suscipe-

282 3759 354 3804 rem.
395 3741 578 3822 Iamque,'ut
595 3759 628 3804 se
641 3737 737 3806 'babet
756 3747 899 3811 humanae
917 3755 1193 3835 mentlsinfirmites‚
1213 3781 1310 3841 prope
1330 3760 1379 3820 de-

281 3831 410 3914 speratio
431 3836 515 3896 cordi
533 3849 636 3904 nostm
661 3839 824 3928 incipiebat
843 3844 965 3910 oboriri.
1010 3849 1071 3912 Sed
1095 3850 1223 3916 fidentes
1242 3853 1379 3938 speraba-

237 3967 240 3983 ,
281 3947 344 3988 mus
364 3926 464 4004 ineo,
484 3929 535 4008 qui
553 3950 704 4012 nunquam
724 3935 832 4014 deserit
850 3952 1000 4020 sperantes
1011 3941 1042 4002 in
1063 3964 1104 4020 se,
1125 3949 1205 4028 quod
1220 3947 1378 4031 secundum

281 4019 459 4101 Apostolum
479 4019 565 4084 labor
584 4037 686 4092 noster
704 4026 735 4087 in
755 4028 820 4110 ipso
840 4051 946 4094 vacuus
966 4045 997 4096 et
1014 4036 1110 4122 inanis
1131 4059 1193 4102 esse
1213 4063 1275 4128 non
1289 4039 1376 4102 debc-

280 4126 394 4186 qstzae
411 4115 589 4187 ¹desiderium
609 4132 752 4199 nostrum,
773 4123 868 4204 quod,
887 4139 920 4188 ut
940 4129 1126 4213 confidimus,
1145 4117 1235 4214 ipsius
1253 4135 1375 4216 inspira-
1455 4147 1456 4150 ’

279 4204 363 4267 tione
375 4209 567 4292 concipimus,
586 4213 745 4274 secundum
766 4217 879 4281 divitias
891 4203 1109 4285 misericordiae
1128 4247 1196 4289 suae
1216 4227 1374 4308 complere,

280 4305 566 4388 sequantocunque
586 4308 623 4370 'ad
642 4308 782 4373 eflectum
800 4315 963 4391 perducere
983 4315 1114 4386 deberet

335 4390 452 4457 Idcirco
473 4401 574 4464 audito
594 4402 722 4467 adventu
740 4407 895 4468 memorati
907 4407 1012 4490 Legtti
1032 4409 1208 4475 Dilectionis
1229 4425 1296 4476 tuae
1314 4411 1370 4471 ar-
