2900 5086
615 351 619 359 ι

528 358 531 376 Ι
682 381 684 390 l

441 409 446 420 Ι

107 615 157 678 De
180 614 283 679 scribis
308 614 368 678 boo
390 615 603 696 prospeximus,
621 629 671 696 ut,
696 568 747 700 qui
771 616 899 692 chartam
917 619 1088 701 scripserint
1106 625 1170 690 sive
1301 610 1305 622 .

107 710 146 772 ad
164 710 276 790 Legem
294 707 575 818 Langobardorum,
605 733 680 792 quae
705 711 850 791 aptissima
874 723 905 774 et
928 733 1005 793 pene
1031 717 1166 780 omnibus

106 815 179 866 nota
199 813 255 878 est,
278 804 338 864 sive
358 802 395 862 ad
401 801 510 892 legem
529 803 746 879 Romanorum,
772 825 836 866 non
855 805 940 886 aliter
958 806 1084 883 faciant,
1110 810 1167 872 nisi

108 895 289 973 quomodo
280 916 310 954 ιιι
336 881 409 954 ἰΙΙίι
416 895 529 976 legibus
554 897 733 958 continetur.
766 891 846 965 Nam
871 911 973 959 contra
992 851 1167 1009 Langbbar-

28 1035 34 1046 .
106 988 212 1048 dorum
231 989 329 1068 legem
349 999 399 1048 aut
417 989 618 1051 Romanorum
638 1010 700 1049 non
718 989 864 1066 scribant,
893 992 1016 1070 quodsi
1036 994 1168 1056 nescire·

105 1080 182 1156 rint,
213 1079 398 1161 interrogent
417 1081 508 1158 alios,
537 1083 610 1144 etsi
630 1103 692 1144 non
711 1083 864 1164 potuerint
882 1083 959 1164 ipsas
978 1083 1058 1167 leges
1078 1085 1168 1168 plene

105 1173 192 1248 scire,
211 1191 273 1233 non
292 1173 451 1234 scribant'
441 1195 516 1254 ipsas
536 1175 658 1238 chartas.

123 1265 197 1326 Leo
213 1266 402 1342 urgebunt
421 1267 472 1330 lib.
492 1270 534 1344 ΙΙ,
554 1270 614 1330 Tit.
634 1268 702 1345 LII,
722 1291 786 1350 cap·
806 1276 859 1336 14·

106 1357 156 1418 De
175 1358 331 1420 universali
352 1361 469 1441 quidem
483 1362 613 1442 populo,
632 1383 683 1441 qur
674 1361 878 1442 ubicumque
896 1361 1033 1424 iustitiam
1055 1366 1170 1444 quaesi·
1295 1405 1298 1419 ι

105 1451 218 1527 verint,
244 1453 397 1533 suscipiat,
417 1487 453 1502 --
473 1492 511 1506 -
530 1455 605 1524 iuxta
627 1459 756 1534 ipsorum
778 1454 874 1538 legem
894 1455 1003 1535 absque
1022 1459 1168 1523 tarditate.

125 1543 271 1620 Puppim
288 1544 362 1606 ibam
382 1546 588 1627 [Imperator],
607 1545 673 1606 Lib.
694 1547 736 1623 ΙΙ,
756 1547 816 1608 Tit.
835 1548 950 1624 XVIII,
970 1571 1032 1631 cap.
1052 1559 1085 1616 1:

106 1638 152 1696 Ut
171 1637 273 1699 viduae
294 1650 325 1698 et
344 1637 470 1718 orphani
488 1649 601 1702 tutores
619 1590 775 1700 babeaslt
765 1651 842 1700 ιιιιιι
860 1640 979 1702 illorum
998 1641 1094 1756 leges,
1117 1642 1169 1725 qni

105 1729 173 1790 illos
193 1730 352 1790 defendant
371 1741 401 1789 et
420 1730 565 1800 adiuvent.

61 1822 170 1905 Vergl.
190 1821 330 1884 bieriiber
349 1823 427 1883 nocb
446 1822 614 1898 Munitori,
645 1825 697 1885 de
702 1825 814 1908 legibus
834 1825 1004 1886 Italicorum
1022 1836 1054 1886 et
1072 1837 1166 1888 statu-

60 1927 166 1978 torum
187 1915 303 1996 origine
322 1916 354 1974 in
373 1916 431 1979 den
450 1915 625 1995 Antiquitat.
644 1917 721 1992 Irat,
740 1919 828 1983 Τοιιι.
847 1918 894 1994 ΙΙ,
913 1917 979 1978 diss.
999 1919 1086 1978 XXII
1105 1919 1167 1980 und

62 2010 128 2070 den
148 2007 250 2069 Codex
269 2007 472 2088 diplomaticus
499 2008 621 2070 civitatis
647 2019 677 2069 et
701 2011 840 2072 ecclcsiae
860 2011 1045 2092 Bergomatis
1070 2031 1086 2070 a
1108 2007 1169 2070 Ca·
1280 2001 1283 2010 ⁴

61 2101 179 2163 nonico
204 2100 309 2161 Morio
332 2101 435 2179 lupo,
465 2101 534 2162 Vol.
560 2102 585 2163 Ι.
620 2101 776 2164 Praecedit
803 2104 979 2182 prodromos
1009 2101 1169 2164 historico-

63 2193 185 2254 criticus
209 2194 245 2254 de
271 2194 358 2254 rebus
383 2194 602 2278 bergomatium
628 2215 644 2256 a
670 2195 867 2256 declinatione
893 2196 1015 2275 Imperii
1039 2196 1168 2260 Romani

63 2286 106 2346 ad
124 2285 271 2346 saeculum
291 2298 433 2348 octavum.
471 2287 613 2370 Bergomi
632 2292 717 2362 1781,
738 2287 790 2347 Iol.
1227 2281 1231 2288 ’

126 2377 227 2437 Selbst
244 2390 331 2439 unter
349 2380 497 2442 Wilhelm
518 2383 585 2442 dem
604 2380 756 2442 Eroherer
776 2377 927 2440 bebielten
946 2379 1079 2452 Britten,
1103 2380 1169 2439 An-

62 2469 159 2554 geln,
183 2469 305 2546 Picten,
331 2473 459 2548 Scoten,
483 2474 606 2547 Danen,
631 2473 692 2536 und
716 2469 895 2532 silmmtlicbe
920 2470 1025 2552 iibrige
1045 2471 1169 2549 leker,

64 2563 183 2626 welche
203 2563 315 2626 damals
329 2565 503 2624 Britannien
523 2563 719 2640 bewobnten,
738 2565 802 2624 ihre
821 2563 1084 2624 volkstbiuulicben
1105 2565 1169 2624 Ge·

65 2669 148 2720 setae
169 2657 227 2721 bei.
264 2658 301 2716 Ja
319 2657 431 2716 noch
422 2678 453 2716 ιιι
478 2662 610 2738 sp'aiterer
629 2658 696 2718 zeii
719 2655 763 2716 bis
791 2658 845 2718 aul
860 2657 930 2716 Karl
950 2656 1006 2718 II.
1019 2658 1170 2739 regierten

66 2751 118 2812 die
129 2747 291 2809 Herrscber
308 2750 447 2829 vonMan
466 2750 542 2809 nach
562 2752 619 2810 den
636 2748 903 2832 cigentbibnlicben
916 2748 1073 2810 Gesetzen.
1084 2750 1170 2829 jener

64 2842 187 2902 kleinen
207 2839 294 2900 Inscl.
328 2839 445 2919 [Vergl.
460 2840 601 2914 Hnuurd,
621 2841 737 2904 Traites
757 2861 806 2900 sur
826 2841 868 2900 les
888 2842 1038 2902 contulisses
1050 2841 1169 2924 Anglo-
1269 2860 1280 2870 ·

64 2932 235 2998 Normands
254 2929 370 3012 publiea
390 2950 427 2988 cn
445 2931 643 3013 Angleterre,
662 2931 747 2992 Iom.
767 2932 794 3005 Ι,
813 2952 842 3009 p·
862 2939 927 2996 150.
970 2932 1120 3007 condant,
1141 2953 1177 2994 a.-

66 3049 94 3089 a.
117 3026 167 3098 0.,
185 3023 254 3083 Vol.
273 3023 328 3096 IV,
347 3043 376 3102 p.
395 3023 473 3101 336.]
643 3013 645 3018 ’

125 3118 187 3178 'Die
206 3113 363 3178 Rbmiscbe
386 3115 494 3176 Kircbe
519 3114 581 3176 und
605 3114 657 3175 der
681 3124 839 3197 gesammte
864 3110 1044 3172 katholiscbe
1064 3113 1170 3174 Kleros

66 3223 172 3273 waren
193 3210 259 3270 dem
278 3207 442 3269 rbmischen
464 3208 591 3268 Gesetze
610 3206 828 3278 unterworlen‚
858 3214 1013 3266 worunter
1032 3204 1085 3264 der
1105 3203 1169 3266 Co·

68 3305 126 3364 dex
152 3301 391 3374 Theodosiacus,
419 3299 628 3376 Iustinianeus,
658 3299 706 3362 die
729 3297 875 3358 Novellen
901 3297 963 3358 und
986 3295 1040 3356 der
1064 3294 1171 3358 Codes

66 3394 251 3460 Alaricianus
269 3394 300 3454 in
321 3394 428 3454 diesem
447 3392 528 3454 Falle
548 3415 586 3454 ιιι
604 3392 759 3454 verstebcn
778 3391 824 3451 ist.
863 3385 966 3472 Vergl.

107 3488 179 3554 Lex
197 3487 418 3563 Ripensinrum,
438 3486 498 3546 Tic
518 3486 619 3561 LVII,
640 3507 664 3546 c.
684 3493 717 3552 1:
745 3486 788 3546 Ut
806 3503 892 3545 servo
912 3483 943 3542 in
964 3475 1086 3544 ecclesia
1105 3503 1168 3544 ma·

107 3579 237 3642 numisso
260 3579 379 3640 tabulae
403 3577 568 3642 scribantur
591 3579 750 3641 secundum
779 3577 877 3662 legem
901 3575 1080 3652 Romanam,
1107 3596 1169 3656 qua
1237 3567 1243 3625 ὲ

107 3675 226 3738 ecclesia
247 3677 322 3736 ιιίιίι.

87 3767 232 3830 Morini
249 3767 301 3828 Pii
321 3765 444 3842 enpust.
463 3788 529 3830 exc.
549 3761 886 3843 eeLrgeLongoburd.
907 3766 963 3827 cb
982 3757 1076 3840 (Cod.
1092 3759 1167 3843 Leg

107 3860 296 3941 Langobard.
315 3859 373 3936 III,
393 3867 421 3936 1,
440 3863 510 3940 37)·
530 3861 573 3920 Ut
593 3859 685 3939 quivis
706 3858 780 3918 ordo
801 3854 986 3922 ecclesiarum
1006 3853 1166 3914 secundum
1277 3887 1282 3906 .

108 3953 205 4035 legem
224 3953 386 4014 Romanam
404 3952 497 4028 vivat,
529 3962 559 4012 et
576 3952 617 4014 sic
636 3951 820 4030 inquirantur
839 3947 886 4008 vel
906 3945 1101 4008 defendantur
1119 3963 1167 4004 res

110 4042 336 4120 ecclesiasticae,
355 4057 389 4104 nt
408 4046 631 4128 emphyteuseos
651 4053 833 4115 contractus,
859 4039 938 4100 unde
958 4035 1093 4098 ecclessia
1114 4034 1167 4096 da-

108 4157 209 4198 mnum
228 4137 370 4217 patiatur,
394 4157 455 4197 non
476 4137 663 4211 observetur,
692 4136 745 4196 sed
763 4132 923 4194 secundum
941 4130 1037 4267 legem
1056 4127 1167 4188 Itoma-
1192 4127 1197 4138 “

111 4251 179 4292 nam
199 4230 362 4291 destruatur
381 4241 412 4290 et
430 4249 527 4309 poena
547 4249 609 4290 non
628 4227 766 4290 solvatur

94 4324 203 4386 concil.
222 4322 434 4384 Aurelianense
451 4322 479 4386 1
499 4326 604 4406 (unter
623 4319 784 4402 Chlodwrg
802 4320 826 4380 1
845 4317 947 4400 Konig
966 4258 1018 4378 der
1033 4313 1169 4376 Franken

111 4416 302 4500 abgcbalten)
321 4414 410 4480 beilst
427 4435 473 4480 esa
840 4501 926 4589 w]
