2900 5086
218 657 223 672 ,
256 593 358 658 callida
377 593 488 673 antiqui
507 592 597 654 hostis
616 593 739 656 versutia
759 613 859 654 sensus
878 605 990 656 vestros
1013 593 1044 652 in
1062 591 1263 673 atiqusparte
1288 613 1376 654 cor-

254 699 385 766 rumpat,
415 697 445 746 et
468 685 551 765 peius
576 683 627 746 liat
644 685 765 746 interius
784 685 906 746 Diaboli
924 685 1089 761 servitium,
1117 687 1204 766 q'mm
1225 687 1375 746 exterius

254 781 350 861 gentis
369 779 519 852 inimicae:
552 799 677 858 eumque
698 790 863 863 exspectate
882 779 1127 858 Redemptotem,
1145 799 1235 858 quern
1254 779 1374 838 salutis

253 883 365 934 vestrae
391 873 530 934 habuistis
555 881 714 932 auctorem.
752 871 840 932 Illum
866 872 1029 953 glorificate
1054 873 1085 930 in
1111 873 1198 932 corde
1227 882 1258 931 et
1285 893 1372 952 por-

254 972 314 1027 tatc
345 965 376 1024 in
402 984 542 1044 corpore,
579 976 609 1024 et
628 964 744 1046 dignam
764 964 847 1027 vobis
867 965 923 1024 illis
944 975 1115 1044 praeparate
1141 964 1369 1024 habitationem

197 1113 203 1128 ,
254 1057 286 1118 io
305 1057 377 1132 fide,
398 1078 472 1136 quae
492 1077 546 1138 per
565 1057 754 1119 dilectionem
774 1069 930 1138 operatur,
957 1068 1098 1136 quatenus
1117 1077 1169 1117 vos
1189 1058 1267 1118 illius
1288 1059 1369 1140 glo-

147 1147 157 1160 ”
253 1151 330 1210 riusa
355 1149 487 1230 potentia
514 1162 544 1210 et
567 1150 713 1212 incllabili
736 1151 936 1212 misericordia
968 1149 1005 1208 ab
1031 1149 1181 1229 utriusque
1206 1152 1364 1212 servitutis

253 1242 397 1320 molestia,
418 1244 562 1303 exteriore
582 1243 694 1304 scilicet
714 1255 744 1304 et
761 1244 920 1319 interiore,
952 1240 1060 1302 liberet
1080 1254 1111 1302 et
1129 1245 1295 1320 crustodiat,
1331 1255 1365 1302 et

254 1334 287 1394 in
305 1327 413 1416 migne
434 1336 542 1397 iudicio
563 1346 631 1396 ante
651 1349 839 1417 conspectum
860 1335 972 1418 gloriae
997 1355 1067 1394 suae
1092 1357 1157 1395 cum
1181 1337 1363 1416 multiplici·

254 1427 308 1488 bus
334 1427 442 1490 laboris
466 1429 555 1490 vestri
581 1427 687 1490 divitiis
711 1442 790 1494 stare
813 1429 974 1501 concedat,
1008 1439 1037 1486 et
1061 1447 1164 1488 vocem
1191 1429 1363 1508 optabilem

255 1541 319 1580 curn
341 1521 545 1599 operatoribus
564 1521 754 1601 Apostolicae
774 1522 858 1582 Fidei
877 1520 976 1579 audire
997 1519 1097 1580 saciat:
1133 1521 1238 1580 Vestite
1255 1521 1361 1581 Bene-

172 1640 174 1652 *
254 1611 323 1672 dicct
341 1612 440 1672 Patris
458 1617 522 1692 mei,
540 1618 678 1690 percipite
695 1637 831 1690 regnum,
851 1611 930 1692 puori
946 1610 1023 1672 voto
1036 1627 1175 1688 pusulam
1194 1629 1235 1674 cst
1251 1614 1288 1674 ab
1307 1619 1358 1672 in-

252 1708 303 1766 itio
322 1703 492 1786 mandem).
531 1707 666 1768 Paratum
692 1707 782 1790 igitur
804 1726 856 1766 vos
885 1725 1009 1788 regnum
1034 1706 1070 1766 ab
1099 1707 1215 1788 origine
1239 1709 1355 1784 mnndi,

253 1795 418 1870 indubitata
436 1799 565 1862 veritatis
584 1800 773 1862 Prolessione
789 1797 924 1878 speratis,
943 1798 967 1858 si
984 1797 1156 1860 Catholicae
1174 1800 1259 1860 Fidei
1277 1823 1355 1860 una-

252 1889 379 1950 nimitati
397 1905 510 1956 vosmet
527 1895 606 1974 ipsos
626 1895 785 1974 adiungere
806 1892 925 1962 curetis;
945 1891 1101 1954 exteriores
1120 1894 1265 1954 servitutis
1285 1916 1355 1953 mo-

253 1982 351 2060 lestias
370 1985 485 2047 interna
506 1984 651 2046 fidelitatis
675 2004 727 2064 spe
754 1983 960 2048 consolamini:
993 1984 1094 2046 oculos
1113 1987 1217 2046 mentis
1237 1998 1356 2048 vestrae

255 2078 291 2136 acl
318 2099 384 2138 eum
410 2079 543 2159 dirigite,
575 2077 625 2157 qui
653 2097 706 2138 vos
733 2077 841 2158 eripuit
867 2079 902 2138 de
926 2089 1072 2157 potestate
1097 2081 1303 2155 tenebrarum,
1323 2091 1356 2140 et

253 2171 401 2232 transtulit
420 2171 450 2228 in
469 2183 593 2251 regnum
614 2169 666 2228 filii
686 2170 851 2232 dilectionis
870 2192 949 2236 suae.

310 2270 356 2332 14.
396 2263 544 2324 Hactenus
563 2275 719 2342 antequam
744 2263 827 2354 huips
852 2263 1019 2342 adoptionis
1043 2266 1075 2324 in
1096 2265 1215 2330 Christo
1238 2286 1351 2326 nomen

254 2342 374 2417 av'obis
395 2367 526 2416 exortum
551 2367 669 2418 nostros
693 2377 755 2416 non
782 2356 952 2418 offenderet
976 2358 1102 2436 animos,
1133 2380 1184 2422 vos
1205 2360 1354 2441 germani-

253 2450 320 2508 tatis
340 2457 449 2510 amore'
461 2449 624 2521 dileximus;
645 2449 713 2510 etsi
729 2460 783 2510 nos
800 2461 926 2510 vestrum
942 2451 1097 2529 corporale
1115 2451 1264 2512 servitium
1278 2473 1352 2512 con-

253 2542 413 2614 stristant,
438 2541 585 2602 rectitudo
607 2553 704 2602 tamen
723 2542 807 2602 Fidei
829 2540 1000 2604 Catholicae
1019 2543 1185 2604 laetificavit
1204 2545 1236 2603 in
1257 2545 1353 2604 nobis.

253 2635 340 2695 Nunc
359 2655 429 2696 vcro
451 2634 561 2714 duplici
581 2656 634 2715 per
652 2635 735 2697 robis
756 2634 900 2696 allicimur
917 2656 1064 2712 moerore,
1083 2637 1236 2696 Diabolica
1249 2637 1353 2697 frande

255 2729 383 2806 deceptis
403 2728 434 2786 in
455 2729 555 2803 corde,
576 2741 606 2788 et
625 2728 741 2791 inimica
759 2728 898 2788 servitute
913 2731 1056 2806 oppressis
1073 2729 1103 2788 in
1120 2747 1259 2806 corpore.
1288 2721 1354 2790 ‘Sed

182 2807 185 2819 ¹
252 2820 363 2890 redite,
389 2820 529 2891 obsecro,
556 2821 592 2876 ad
612 2821 753 2876 unitatem
773 2829 889 2880 sanctae
908 2821 1024 2898 matris,
1047 2819 1214 2895 Ecclesiae,
1241 2833 1276 2882 ut
1299 2844 1350 2884 vos

254 2919 340 2970 eruat
360 2908 395 3000 cle
416 2908 547 2988 angustia
568 2909 711 2972 servitutis
732 2922 882 2987 terrenae,
913 2914 963 2994 qui
982 2935 1033 2978 vos
1054 2936 1108 2994 per
1126 2914 1262 2992 baptismi
1280 2937 1350 2996 gra-

253 3003 324 3062 tiam
346 3023 362 3062 a
381 3000 497 3062 vinculo
523 3001 658 3064 liberavit
682 3003 832 3086 originalis
858 3006 980 3084 peccati.
1019 3007 1194 3085 Expoliastis
1219 3019 1348 3070 veterem

252 3095 416 3163 hominem:
449 3098 599 3175 quomodo
624 3097 730 3158 iterum
761 3097 863 3158 fraude
894 3099 1011 3179 decepti
1040 3099 1168 3183 maligna
1196 3101 1350 3162 induimini

185 3251 187 3260 ,
253 3188 354 3250 illum?
391 3189 569 3270 Adoptionis
593 3189 645 3248 filii
664 3191 731 3250 Deo
751 3189 832 3266 Patri
858 3189 926 3252 lacti
947 3193 1014 3253 estis
1033 3214 1088 3272 per
1107 3217 1188 3271 eum,
1219 3196 1349 3275 quinon

254 3293 298 3342 ost
317 3282 470 3362 adoptivus
489 3283 542 3344 sed
561 3282 706 3363 proprius.
750 3282 833 3342 State
853 3303 907 3362 per
926 3284 994 3344 fidei
1013 3285 1213 3349 inviolabilem
1232 3288 1351 3348 coales-

252 3375 366 3436 sionem
390 3375 422 3434 in
447 3375 583 3436 libertate
613 3376 740 3436 filiorum
764 3376 839 3452 Dei,
867 3388 897 3436 ct
921 3377 1014 3438 nolite
1039 3378 1219 3442 infidelitatis
1249 3381 1349 3461 iugum

252 3466 362 3526 subire:
384 3467 517 3546 expellite
537 3469 835 3532 viuculaDiabolicae
857 3471 1037 3551 deceptionis
1062 3473 1098 3534 cle
1111 3474 1257 3550 cordibus,
1278 3495 1350 3552 qua·

252 3558 430 3620 tenusDeus
445 3559 588 3636 Christus,
609 3561 658 3640 qui
669 3561 755 3621 solvit
765 3565 957 3642 compeditos,
978 3566 1103 3630 excutiat
1122 3578 1254 3627 catenam
1275 3588 1348 3648 gen-

252 3651 290 3712 tis
310 3651 445 3718 inimicae
465 3653 502 3719 de
522 3653 654 3716 manibus
673 3655 782 3716 vestris.
822 3657 943 3718 Habetis
964 3679 1034 3736 nos,
1066 3659 1163 3722 divina
1193 3661 1347 3720 auxiliante

191 3755 195 3776 ¹
253 3743 362 3826 gratia,
392 3759 600 3825 cooperatores
625 3747 725 3829 gaudii
749 3751 854 3824 vostri,
884 3751 908 3810 si
931 3773 982 3812 vos
1002 3751 1155 3814 nobiscnm
1177 3751 1349 3815 Catholicae

252 3837 337 3896 Fidei
356 3835 442 3896 vultis
468 3860 528 3899 esse
553 3841 778 3920 praedicatores.
819 3841 1168 3924 Certissimum‘namque
1193 3846 1251 3908 erit
1275 3846 1349 3906 divi-

252 3950 308 3996 nae
328 3927 522 3996 miserationis
548 3935 699 4010 auxilium,
727 3935 779 3998 ubi
803 3957 862 4000 una
889 3947 932 3998 est
954 3937 1043 4000 totius
1062 3938 1214 4004 Ecclesiae
1234 3939 1349 4015 caritas,

248 4033 284 4094 ,et
302 4044 359 4088 una
379 4042 470 4094 verae
484 4023 552 4088 fidei
572 4027 727 4092 consessio.

309 4123 355 4182 15.
394 4117 442 4176 Ad
465 4116 680 4179 multitudinem
713 4122 816 4202 populi
843 4122 1001 4186 Christiani
1031 4135 1061 4186 et
1090 4125 1126 4184 ad
1151 4124 1349 4196 Sacerdetalis

254 4208 382 4272 Concilii
407 4211 624 4276 unanimitatem
649 4216 838 4280 revertimini.
878 4216 911 4276 Si
936 4217 1014 4278 enim
1041 4217 1165 4280 duorum
1188 4218 1246 4282 vel,
1261 4217 1346 4278 trium

252 4314 411 4382 sanctoque
431 4304 540 4382 pioque
562 4307 724 4380 consessui,
737 4310 902 4370 'secundum
921 4331 1000 4372 suam
1021 4313 1263 4390 promissionem,
1282 4311 1347 4370 Do*

197 4449 201 4456 -
252 4393 362 4466 uiuunt
387 4411 657 4478 essentiatum
682 4417 743 4464 nou
768 4401 946 4489 dubitamus,
977 4417 1087 4488 quanto
1113 4405 1205 4488 tnagis
1230 4403 1283 4464 uti
1303 4414 1348 4466 tnt
