2908 5094
744 337 756 374 t

798 461 887 555 arr

289 625 367 686 visure
386 621 443 685 eati
468 637 535 681 uam
562 637 720 700 numquam
740 619 864 702 legimus
888 618 1017 699 speciem
1045 615 1173 678 bominis
1198 615 1258 678 alas
1284 616 1403 679 colum-

290 718 345 779 bae
365 715 505 776 indutam.
552 711 747 794 Quapropter
771 711 857 772 nimis
879 721 1006 774 vernam
1032 711 1183 772 laudantes
1206 709 1401 772 limissirnaru

289 821 378 890 atque
398 804 574 896 laudabilem
594 805 699 882 fidem,
723 806 755 866 in
779 805 840 867 hoc
865 803 1061 887 cognovimus
1086 803 1154 883 quia
1176 823 1230 868 vot
1257 803 1402 866 saumana

210 887 214 902 ’
288 903 364 983 ipsas
383 900 540 982 reputastis
559 899 700 960 visiones:
720 898 791 960 ideo
811 919 828 959 a
845 897 933 960 nobis
951 915 1008 978 pro
1029 917 1067 958 eo
1084 907 1181 959 verna
1192 897 1336 976 poposcit
1353 917 1401 960 re·
1434 901 1435 968 l

287 996 360 1079 galis
380 992 531 1068 Potentia,
549 1003 582 1052 ut
601 1011 785 1072 nequaquam
804 1011 820 1051 a
840 991 927 1052 nobis
947 990 1206 1064 condemnaretur,
1226 990 1399 1052 anathema-
1434 975 1435 1008 ¹

288 1089 429 1148 tiuaretur
447 1086 495 1148 vel
515 1083 727 1168 flagellaretur,
746 1095 843 1165 neque
863 1083 990 1164 aliquam
1010 1081 1213 1145 adversitatem
1234 1081 1263 1142 ei
1283 1082 1400 1144 facere-
1433 1089 1435 1186 p

286 1201 364 1242 mus:
385 1191 528 1260 quaterue
547 1179 578 1238 in
598 1177 642 1239 his
662 1178 800 1239 omnibus
817 1188 935 1239 vestrae
959 1177 1187 1238 accomodantes
1205 1175 1300 1258 regali
1322 1178 1400 1258 peti.

192 1308 198 1317 -
286 1273 380 1350 tioni,
408 1273 440 1332 in
466 1281 605 1354 quantum
629 1291 749 1333 necesse
773 1271 830 1331 luit
853 1271 949 1351 ipsum
975 1268 1187 1331 ammonuimus
1206 1269 1398 1348 Monachum,

287 1378 375 1446 atque
395 1367 426 1426 in
445 1363 600 1445 proprium
620 1383 703 1424 suum
724 1364 823 1426 locum
837 1363 969 1426 illaesum
981 1361 1167 1424 absolvimus.
1206 1360 1283 1428 Nam
1301 1365 1330 1425 si
1348 1384 1396 1428 ae-

286 1471 376 1520 stuum
397 1455 440 1518 illi
459 1477 521 1516 non
548 1455 708 1535 profuisset
730 1456 832 1539 regale
852 1455 1077 1533 adminiculum,
1093 1453 1335 1522 Ecclesiasticam
1354 1457 1394 1518 illi

286 1547 469 1632 disciplinam
489 1549 632 1610 canonice
650 1547 831 1626 inferentes,
855 1550 941 1612 sicuti
960 1549 1111 1610 Monacbo
1132 1531 1249 1629 Gyriilo
1270 1552 1393 1612 anobis

285 1654 422 1705 correcto
443 1653 475 1702 et
494 1643 672 1718 emendato,
692 1643 897 1704 Monachicarn
916 1641 1049 1726 regulam
1069 1641 1113 1702 illi
1132 1641 1339 1706 demonstrare
1358 1644 1394 1704 ir-

285 1735 559 1818 reprehensibiliter
579 1733 787 1796 babuissemus.
821 1735 871 1798 Ob
891 1737 1013 1797 nimium
1032 1754 1105 1797 vero
1123 1749 1393 1799 amoremvsstruu

263 1887 265 1896 ,
284 1851 351 1892 cum
370 1849 477 1910 magna
497 1829 639 1910 patientia
659 1839 747 1908 atque
767 1828 953 1913 benignitate
964 1840 1115 1909 susceptus
1129 1830 1391 1912 commonitusque,

283 1919 365 1992 ulti-o
386 1923 522 2003 citroque
543 1922 647 1984 divinis
667 1923 832 2004 praeceptis
851 1923 884 1982 in
902 1941 977 2004 pace
997 1921 1148 1982 absolutus
1168 1935 1221 1984 est.
1259 1925 1391 1986 Vestram

283 2016 415 2100 regalem
435 2015 646 2076 Excellentiam
667 2035 725 2076 una
745 2037 811 2078 eum
832 2013 892 2076 filia
917 2025 1018 2076 nostra
1043 2014 1323 2095 praecellentissima
1342 2015 1391 2079 do·

282 2129 353 2168 mna
374 2108 502 2190 Regina,
520 2120 676 2188 vestraque
696 2109 846 2188 praecelsa
866 2107 964 2190 prole,
983 2108 1143 2170 multorum
1162 2129 1308 2172 annorum
1330 2131 1390 2171 cur-

282 2199 386 2262 riculis
407 2201 493 2282 regni
513 2199 714 2284 gubernacula
733 2201 847 2282 perfrui
871 2201 968 2264 diuina
994 2201 1084 2263 iaciat
1108 2202 1277 2278 clementia,
1302 2215 1338 2264 nt
1363 2203 1390 2261 in

283 2296 350 2356 lroo
365 2297 586 2376 mundo-super
605 2314 708 2356 omnes
729 2293 867 2354 barbaras
887 2307 1046 2376 regnantes
1065 2295 1215 2372 nationes,
1234 2294 1266 2354 in
1288 2297 1394 2356 aethe·

281 2389 349 2450 reis·
363 2389 480 2450 arcibus
503 2390 567 2450 sine
592 2389 651 2449 line
677 2407 743 2448 cnm
764 2385 880 2448 Sanctis
901 2387 1038 2448 omnibus
1067 2407 1194 2472 regnare
1211 2389 1388 2454 mereamini.

281 2482 466 2546 Incolumem
486 2481 696 2543 Excellentiam
721 2491 847 2541 vestram
866 2481 962 2564 gratia
981 2501 1109 2563 superna
1130 2483 1285 2546 custodiat.

736 2641 937 2658 m

767 2743 909 2816 XXXV.

603 2867 781 2938 epistota
809 2869 1077 2940 tueremur·

280 2971 312 3025 ad
331 2941 478 3024 blouacbos
494 2969 576 3023 sancti
594 2967 702 3022 Martini
720 2969 889 3036 Turonensis,
905 2972 997 3026 iubens
1016 2963 1198 3026 ut'Clericum
1212 2973 1381 3047 lbeodnlpbi,

313 3055 439 3127 Episcopi
457 3052 661 3117 Aurelianensis,
687 3055 732 3123 qui
755 3057 789 3109 ad
805 3057 865 3110 illos
881 3073 940 3128 port
966 3058 1102 3128 publicum
1119 3057 1244 3129 Episcopi
1260 3061 1301 3114 sui
1317 3059 1354 3114 iu-

332 3169 335 3177 =
390 3140 487 3194 dicisum
506 3141 666 3205 confugerat,
684 3153 713 3191 ut
729 3160 756 3194 ao
772 3160 876 3212 poenae
893 3143 1063 3206 subtraberet,
1081 3143 1105 3195 ei
1124 3145 1235 3197 reddant
1245 3143 1279 3213 ¹).

336 3277 373 3336 In
394 3277 516 3353 nomine
536 3274 642 3348 Patris,
662 3285 693 3333 et
704 3273 783 3351 Filii,
803 3286 833 3335 et
846 3274 972 3358 Spiritus
986 3276 1080 3336 sancti
1091 3275 1228 3355 Keteios,
1248 3289 1305 3341 etc.
1334 3275 1381 3338 Al·

278 3369 351 3430 bieo
371 3369 537 3430 venerabili
557 3367 697 3450 magistro
718 3379 749 3428 et
769 3363 851 3430 omni
871 3365 1109 3452 congregationi
1128 3371 1302 3434 monasterii
1321 3379 1381 3432 sau·

279 3459 320 3520 cti
339 3459 469 3520 Martini.
508 3460 610 3520 Pridie
631 3482 718 3540 quam
738 3461 774 3520 ad
794 3474 924 3522 nostram
944 3463 1141 3543 praesentiam
1161 3484 1178 3523 a
1198 3465 1282 3526 vobis
1302 3466 1379 3524 missa
1429 3483 1430 3498 ι

276 3551 404 3624 venisset
424 3551 548 3634 epistola
567 3550 680 3612 adlatae
704 3564 773 3616 sunt
797 3555 884 3616 nobis
909 3554 1012 3616 literae
1032 3575 1049 3614 a
1069 3553 1241 3618 Tbeodulso
1260 3557 1378 3639 Episco-

275 3665 317 3725 po
337 3643 451 3721 missae,
472 3641 688 3724 quaerimonias
709 3643 895 3708 continentes
916 3645 954 3706 de
980 3646 1212 3709 inhonoratione
1232 3650 1379 3712 homiuum

275 3756 406 3812 suorum,
425 3748 456 3798 et
474 3756 537 3796 non
556 3745 616 3795 tam
636 3734 755 3798 illorum
774 3758 861 3816 quam
885 3739 1028 3822 Episcopi
1054 3741 1139 3802 huius
1166 3741 1308 3822 civitatis,
1335 3735 1378 3804 nel

275 3825 449 3909 contemptu
469 3827 605 3890 iussionis
625 3829 741 3912 imperii
760 3831 863 3892 nostri.
909 3833 1008 3908 Quam
1032 3834 1193 3896 iussionem
1219 3837 1256 3898 de
1286 3833 1378 3899 reddi-
1427 3875 1428 3888 ι

109 3949 117 3968 ¹
168 3911 174 3924 Χ
273 3921 358 3984 tione
382 3920 530 3988 cuiusdam
557 3922 668 3986 Clerici
694 3924 730 3984 de
757 3923 888 3985 custodia
913 3925 1003 4006 ipsius
1029 3927 1136 4010 elapsi,
1163 3939 1193 3988 et
1212 3928 1244 3988 iu
1264 3927 1376 3990 basilica

273 4013 366 4080 sancti
386 4011 506 4074 lllartini
525 4012 680 4092 latitantis,
707 4016 760 4078 sub
786 4018 881 4078 nostri
904 4019 1032 4081 nominis
1046 4019 1231 4081 auctoritate
1251 4015 1377 4082 conscri-
1426 4059 1427 4100 3

274 4107 346 4168 bere
365 4105 512 4178 iussimus;
539 4107 619 4166 cuius
646 4111 733 4170 etiarn
758 4109 845 4172 irobis
866 4111 1042 4192 exemplaria
1066 4113 1200 4190 misistis,
1224 4112 1377 4195 inquibus

272 4217 329 4260 nos
356 4219 542 4282 nequaquam
566 4199 671 4262 iniuste
697 4203 808 4284 aliquid
834 4204 1016 4286 decrevisse,
1039 4218 1073 4266 ut
1097 4205 1183 4270 vobis
1202 4207 1297 4270 vbum
1315 4202 1376 4278 luit,

271 4302 415 4370 putamus.
454 4293 515 4358 Sed
536 4313 602 4356 cum
622 4306 760 4376 utrasque
781 4295 938 4380 epistolas,
956 4311 1082 4366 vernam
1100 4299 1212 4366 scilicet
1231 4322 1266 4364 ac
1278 4300 1375 4362 Theo·
1415 4310 1419 4321 ’

273 4417 474 4434 m*
