2900 5086
768 405 856 506 aas

267 569 310 668 dis
329 606 394 687 pari
413 603 573 666 devotione
593 611 765 676 tractantes,
801 601 859 662 hoc
883 609 1087 662 testamentum
1114 599 1212 660 iacere
1234 599 1379 658 decrevi-

265 722 347 776 mus,
376 720 430 780 per
455 695 534 777 quod
553 705 716 794 spontanea
740 705 770 754 et
789 694 905 776 integra
923 695 1073 756 voluntate
1094 693 1251 768 donamus,
1290 693 1379 770 quod

266 793 304 854 ab
331 793 472 854 hodierna
497 789 543 850 die
569 789 709 847 donatum
736 808 797 848 esse
823 787 970 862 volumus,
997 785 1026 846 id
1053 793 1112 862 est,
1140 785 1245 846 cellam
1271 784 1379 844 nostri

266 887 336 946 iuris
359 883 504 946 vocabulo
528 877 717 940 Miclleastnt
740 881 823 940 sitam
853 879 884 938 in
913 882 992 960 pago
1021 879 1197 956 Plumgowe,
1229 879 1260 936 in
1287 878 1377 952 silva,

267 999 341 1060 quae
362 977 467 1040 dicitur
491 971 662 1048 Odeuerocdt,
681 991 769 1052 super
788 973 907 1034 fluvium
927 971 1142 1048 Mimiliagum,
1172 993 1258 1051 quam
1280 971 1377 1030 nobis

252 1069 491 1153 ,gloriosissimus
516 1066 654 1146 princeps
680 1065 814 1124 dominus
834 1064 999 1125 Ludovicus
1024 1065 1186 1144 imperator
1205 1064 1377 1146 largissima

172 1149 174 1162 ⁴
264 1161 440 1224 liberalitate
461 1159 604 1218 concessit
624 1157 709 1218 etde
729 1157 793 1218 iure
812 1178 865 1216 suo
886 1157 917 1216 in
937 1169 1069 1218 nostrum
1094 1158 1139 1218 ius
1159 1157 1287 1218 solemni
1316 1157 1377 1216 do-

264 1255 386 1315 natione
408 1251 571 1328 transtnlit,
602 1272 634 1311 ac
660 1251 810 1330 praecepti
834 1250 878 1309 sui
905 1251 1079 1310 auctoritate
1099 1251 1130 1310 in
1150 1251 1373 1332 proprietatem

264 1347 353 1408 nobis
374 1345 563 1408 confirmavit.
599 1345 693 1420 Hanc,
713 1355 746 1402 ut
766 1344 896 1418 diximus,
916 1341 1018 1402 cellam
1037 1343 1089 1403 sub
1109 1343 1281 1426 integritate
1302 1365 1375 1403 eum

266 1439 402 1500 omnibus
417 1437 592 1520 appenditiis
613 1449 643 1496 et
661 1437 792 1496 terminis
812 1437 880 1512 suis,
902 1447 1016 1496 etcum
1036 1437 1171 1496 omnibus
1192 1437 1279 1496 adse
1302 1458 1376 1516 per-

264 1533 426 1598 tinentibus
446 1531 555 1590 ibidem
575 1527 711 1604 basilicis,
731 1529 881 1604 domibus,
901 1529 1081 1610 caeterisque
1102 1524 1250 1605 aediliciis,
1268 1531 1374 1605 terris,

263 1601 366 1708 pratis,
386 1622 482 1706 sylvis,
502 1623 621 1704 campis,
642 1621 769 1703 [pratis],
786 1622 909 1702 pascuis,
929 1623 1020 1701 aquis,
1040 1643 1215 1702 aquarumve
1236 1623 1373 1684 decursi-

186 1777 188 1781 .
266 1717 331 1792 bus,
351 1716 435 1777 cultis
455 1716 544 1791 loeis,
564 1727 594 1775 et
612 1715 744 1789 incultis,
763 1713 922 1776 mobilibus
943 1714 1030 1775 rebus
1051 1725 1081 1774 et
1099 1714 1316 1792 immobilibus,
1336 1737 1374 1776 ae

264 1831 296 1870 se
320 1811 396 1890 ipsas
420 1808 623 1884 moventibus,
655 1807 807 1886 mancipiis
833 1805 939 1867 diversi
964 1827 1045 1866 sexus
1067 1808 1217 1868 etaetatis
1237 1829 1369 1868 numero

230 1941 236 1950 ·
266 1914 395 1978 centum,
415 1903 555 1962 donamus
576 1913 605 1962 et
623 1901 761 1960 tradimus
782 1900 819 1960 ad
835 1894 984 1960 basilicam
1004 1901 1064 1960 sive
1084 1901 1294 1961 monasterium
1316 1922 1372 1962 ve-

264 1995 390 2056 nerandi
414 1994 548 2076 martyris
570 1992 678 2053 Christi
697 1993 830 2068 Nauarii,
862 1993 942 2071 quod
968 2005 1090 2054 vocatur
1109 1992 1309 2070 Lauresbam,
1340 2007 1373 2055 et

266 2098 310 2145 est
329 2097 526 2146 constructum
545 2085 576 2144 in
590 2108 672 2164 pugo
690 2085 837 2162 Rmenso,
862 2085 893 2144 in
913 2086 976 2166 ripa
995 2087 1240 2171 lluminis,'quod
1260 2087 1372 2147 dicitur

267 2176 410 2254 ngoz,
425 2179 485 2238 'ubi
504 2189 638 2260 tempore
659 2179 807 2260 praesenti
825 2179 870 2241 vir
888 2177 1063 2262 uenerabilis
1082 2180 1254 2264 Adalungus
1272 2180 1369 2241 abbas

265 2269 334 2330 Deo
356 2266 543 2332 deservientis
561 2272 803 2354 congregationis
822 2283 923 2352 pastor
948 2283 978 2331 et
996 2284 1096 2332 rector
1120 2295 1182 2333 esse
1209 2274 1371 2355 cognosci-

264 2373 328 2437 tur,
362 2383 395 2423 ea
420 2364 558 2424 videlicet
581 2366 696 2425 ratione
720 2375 909 2424 memoratam
939 2365 1129 2426 donatiouem
1162 2379 1250 2444 atque
1272 2367 1371 2426 tradi-

160 2531 163 2541 1
265 2457 378 2516 tionem
410 2455 565 2533 iacientes,
595 2469 629 2516 ut
660 2457 797 2536 quamdiu
825 2457 857 2516 in
885 2455 940 2518 hac
968 2459 1147 2535 mortalitate
1178 2461 1275 2520 divina
1307 2460 1369 2519 ius-

264 2548 349 2608 sione
379 2548 548 2634 vixerimus,
584 2548 741 2610 habeamus
774 2549 1087 2634 praedictamlce'llam
1116 2553 1147 2612 in
1179 2564 1278 2612 nostra
1310 2575 1370 2633 po-

262 2653 383 2718 testate,
414 2653 444 2701 et
472 2642 524 2702 sub
555 2653 655 2702 nostra
681 2643 868 2703 ordinatione
893 2643 1003 2724 absque
1033 2643 1120 2704 ullius
1145 2665 1288 2726 personae
1317 2659 1370 2706 aut

263 2736 416 2814 potestatis
433 2736 671 2796 contradictione
689 2734 737 2794 vel
757 2733 983 2812 impedimento,
1012 2747 1072 2797 tam
1095 2737 1186 2796 simul
1198 2759 1282 2820 quam
1303 2740 1370 2799 sin-

264 2827 387 2932 gillatiqn
406 2848 460 2906 per
478 2826 701 2898 successionem,
721 2825 745 2884 si
764 2846 825 2885 uno
845 2830 1000 2908 superstite
1020 2829 1095 2892 alter
1113 2833 1199 2892 nobis
1221 2843 1286 2890 ante
1310 2832 1370 2891 de-

162 2935 166 2962 '·
264 2917 398 2996 cesserit,
427 2917 504 2977 filios
531 2937 649 2997 quoque
668 2917 692 2977 si
717 2937 772 2978 nos
791 2917 899 2980 habere
920 2923 1105 3004 contigerit,
1124 2945 1198 2986 unus
1219 2925 1312 2984 exeis
1334 2926 1370 2986 in

185 3039 190 3056 ι
234 3075 237 3082 ,
263 3012 367 3072 eadem
392 3009 576 3094 possessione
601 3011 723 3072 nobis
713 3033 777 3074 rure
810 3014 945 3094 precario
975 3019 1126 3094 succedat,
1157 3029 1226 3098 post
1248 3017 1370 3077 obitum

262 3125 334 3168 vero
353 3117 486 3168 nostrum
505 3115 665 3171 memorata
684 3105 758 3169 cella
783 3128 848 3168 cum
874 3108 955 3167 omni
978 3108 1150 3192 integritate
1174 3111 1211 3170 ad
1234 3129 1372 3218 praeno-

261 3199 404 3260 minatum
416 3197 583 3262 venerabile
598 3199 808 3261 monasterium
821 3200 915 3284 abque
932 3201 1018 3262 ullius
1037 3203 1270 3264 contradictione
1283 3203 1372 3264 reci-

262 3293 370 3400 piatqr,
390 3304 420 3354 et
438 3293 469 3352 in
489 3292 549 3352 eius
569 3302 715 3372 potestate
741 3303 828 3372 atque
853 3294 984 3355 dominio
1010 3309 1156 3386 perpetuo
1182 3309 1370 3386 permaneat.

262 3384 344 3443 Et·
321 3407 345 3444 sa
364 3385 467 3462 aliquis
488 3397 590 3446 eontra
609 3385 667 3446 hoc
688 3397 806 3445 nostrae
819 3385 1027 3448 dominationis
1045 3401 1250 3450 testamentum
1267 3391 1371 3450 resul-

262 3487 327 3535 tare
345 3475 487 3550 voluerit,
507 3491 558 3537 aut
580 3479 653 3540 illud
678 3477 846 3540 convellere
877 3490 966 3560 atque
996 3501 1135 3544 evacuare
1164 3485 1370 3564 temptaverit,

262 3567 395 3648 primitus
416 3567 564 3629 Christum
585 3581 615 3629 et
638 3583 769 3630 sanetum
788 3583 945 3652 martyrem
970 3573 1032 3633 eius
1051 3575 1208 3635 Nazarium
1227 3575 1369 3638 nefandis

262 3660 377 3720 ausibus
396 3654 454 3722 suis
475 3661 652 3722 contrarium
672 3663 788 3738 sentiat,
808 3675 838 3722 et
856 3665 976 3744 insuper
995 3666 1066 3728 fisco
1077 3661 1271 3751 distringente
1282 3671 1370 3730 mul-

261 3763 322 3810 tam
342 3752 378 3812 de
397 3754 485 3814 rebus
504 3756 631 3836 propriis
651 3755 727 3836 parti
746 3755 889 3834 praedicti
908 3759 1082 3820 venerabilis
1101 3763 1270 3823 monasterii
1288 3785 1371 3826 coa-

262 3855 330 3905 etus
345 3845 481 3920 exsolvat,
501 3850 564 3908 auri
584 3849 719 3910 videlicet
738 3848 842 3909 libram
861 3871 959 3927 unam,
979 3853 1216 3934 argentipondo
1239 3856 1313 3932 ΧΠ,
1338 3871 1371 3919 et

261 3937 320 3999 boe
344 3949 556 4002 testamentum
571 3954 659 4023 atque
690 3943 763 4004 haec
787 3943 909 4004 donatio
936 3956 1034 4006 nostra
1053 3945 1141 4007 firma
1167 3959 1197 4008 et
1219 3899 1371 4012 inviolata

260 4043 446 4110 permaneat,
476 4034 554 4092 etsi
579 4057 755 4116 quoeunque
779 4047 914 4116 tempore
940 4057 956 4096 a
983 4038 1115 4117 quolibet
1143 4040 1261 4100 homine
1280 4041 1370 4106 aliud

260 4116 484 4186 instrumentum
501 4125 532 4187 in
552 4139 654 4188 nostro
675 4131 800 4190 nomine
815 4128 961 4209 prolatum
981 4130 1086 4207 fuerit,
1115 4134 1209 4212 quod.
1215 4133 1282 4192 huic
1303 4156 1369 4196 no-

261 4225 322 4276 stro
346 4227 520 4279 testamento
543 4221 720 4281 contrarium
749 4221 800 4297 sit,
831 4221 970 4282 indicium
995 4224 1129 4285 datorum
1160 4227 1286 4288 anterius
1313 4228 1368 4288 vel
1437 4225 1438 4228 ’

177 4367 181 4383 Ι
260 4309 406 4386 posterius
424 4309 552 4390 habens,
572 4311 657 4372 etiam
677 4313 701 4372 si
720 4333 807 4373 manu
827 4327 927 4376 nostra
945 4317 1079 4378 videatur
1097 4319 1143 4382 vel
1164 4319 1277 4382 dicatur
1296 4340 1368 4380 esse
1437 4301 1438 4358 l

260 4395 423 4480 firmatum,
449 4426 570 4468 vacuum
590 4416 621 4466 et
639 4405 726 4470 inane
745 4420 911 4488 remaneat,
939 4421 969 4472 et
988 4411 1101 4474 nullum
1122 4412 1261 4476 ellectum
1281 4413 1369 4476 obti-
