2908 5094
719 365 819 486 'leo
922 485 928 496 .

225 574 399 656 exemplaria
419 574 455 634 ad
475 589 577 634 omnes
599 569 794 655 suffragantes
820 582 946 652 tuosque
971 569 1182 651 coepiscopos,
1217 579 1251 628 et
1278 587 1349 648 per·

223 669 358 731 universa
376 665 554 728 monasteria
567 664 654 748 dirigi
669 685 731 725 non
747 664 889 748 negligas,
908 667 933 726 si
944 664 1066 748 gratiam
1076 671 1208 723 nostram
1219 660 1347 722 babere

223 761 276 822 vis.
314 763 354 820 Et
373 759 470 822 nullus
488 759 652 822 Monachus
671 758 744 820 loris
763 758 943 820 monasterio
963 756 1112 818 iudiciaria
1130 765 1251 838 teneat,
1278 775 1345 816 nee

142 847 146 866 ⁸
226 874 281 935 per
298 855 401 918 mallos
422 865 453 921 et
470 852 589 936 publica
609 851 716 932 placita
735 863 850 936 pergat.
888 851 1005 936 Legens
1023 849 1127 914 valeat.

676 1043 874 1056 -n--uaen——n

301 1219 319 1252 '
361 1231 367 1242 '
683 1233 879 1306 XXXVlll.

577 1361 607 1416 θ
624 1375 650 1416 o
666 1375 695 1416 ιι
711 1374 733 1418 ι
748 1364 766 1415 t
781 1359 828 1414 lt
844 1374 874 1415 ιι
888 1363 906 1414 t
922 1357 938 1414 Ι
953 1373 979 1414 ο

326 1445 558 1502 demandatione
580 1445 708 1498 librorum
731 1460 756 1498 et
777 1443 928 1497 olliciornm
950 1445 1178 1498 ecelesiasticorum
1192 1445 1241 1514 ¹).·

216 1609 224 1622 ¹
283 1583 418 1657 Karolus‚
437 1580 496 1640 Dei
515 1580 607 1640 fretus
627 1579 733 1639 auxilio
743 1579 808 1640 Rex
818 1579 1002 1640 Francorum
1015 1591 1046 1639 et
1054 1578 1343 1668 Langobardorum,

227 1697 261 1736 ac
273 1676 417 1736 Patricius
430 1674 642 1749 Romanorum,
661 1673 807 1756 religiosis
817 1673 978 1734 lectoribus
998 1685 1116 1734 nostrae
1137 1673 1244 1734 ditioni
1260 1675 1343 1734 sub-

225 1770 318 1830 iectis.
377 1769 453 1830 Cum
478 1787 534 1828 nos
567 1765 665 1827 divina
683 1786 800 1846 semper
819 1765 900 1826 dorni
919 1766 1051 1846 lorisque
1072 1765 1243 1842 clementia,
1270 1762 1342 1826 sire
1445 1839 1446 1850 χ

225 1862 257 1922 in
276 1860 423 1922 bellorum
443 1861 612 1935 eventibus,
631 1859 691 1918 sive
712 1859 742 1918 in
764 1859 843 1940 pacis
862 1859 1074 1940 tranquillitate
1095 1861 1255 1936 custodiat,
1276 1861 1341 1920 etsi
1446 1880 1447 1885 ¹

225 1955 391 2036 rependere
412 1955 566 2036 quicquam
586 1953 648 2013 eius
668 1951 819 2014 beneficiis
838 1953 965 2014 tenuitas
985 1953 1110 2014 bumana
1129 1975 1193 2014 non
1208 1974 1341 2034 praera-

225 2045 285 2124 let,
315 2049 383 2128 quia
408 2059 453 2109 est
476 2044 696 2108 inaestimabilis
720 2041 938 2109 misericordiae
957 2047 1040 2108 Deus
1063 2041 1181 2123 noster,
1211 2047 1342 2110 devotas

225 2159 296 2201 anae
322 2142 453 2203 servituti
479 2140 609 2222 benigne
634 2139 782 2220 approbat
805 2139 980 2202 voluntates.
1030 2141 1126 2225 Igitur
1150 2141 1217 2222 quia
1242 2162 1343 2202 curae

227 2233 315 2295 nobis
336 2245 432 2297 estut
451 2245 617 2296 nostrarum
635 2233 832 2294 Ecclesiamm
859 2235 895 2294 ad
921 2233 1042 2295 meliora
1061 2254 1176 2316 semper
1194 2233 1345 2312 proficiat

225 2333 325 2404 tracus,
345 2328 532 2388 obliteratam
552 2347 629 2408 pene
649 2328 792 2386 maiorum
802 2337 980 2388 'nostrorum
1001 2327 1111 2388 desidia
1129 2345 1263 2406 reparare
1285 2327 1340 2388 vi-

225 2419 338 2502 gilante
356 2422 455 2482 studio
474 2421 625 2482 literarum
645 2419 801 2502 satagimus
821 2419 986 2496 officinam,
1016 2430 1047 2480 et
1070 2421 1339 2500 adpernoscenda

224 2513 319 2572 studia
345 2513 510 2574 liberalium
535 2513 639 2572 artium
666 2523 770 2572 nostro
796 2513 885 2574 etiam
911 2535 984 2594 quos
1005 2534 1157 2594 possumus
1177 2512 1337 2576 invitamus

226 2605 371 2686 exemplo.
401 2607 484 2668 Inter
503 2627 578 2688 quae
598 2604 773 2685 iampridem
792 2607 943 2668 universos
963 2607 1071 2668 veteris
1092 2627 1126 2667 ae
1141 2609 1338 2671 noviinstrn-

226 2698 320 2756 menti
341 2697 443 2774 libros,
463 2698 651 2760 librariorum
665 2697 811 2778 imperitia
828 2699 1013 2779 depravatos,
1022 2700 1091 2762 Deo
1111 2721 1166 2762 nos
1184 2701 1218 2762 in
1237 2707 1338 2766 omni-

157 2799 160 2811 ’
226 2787 281 2848 bus
302 2790 473 2866 adiuvante,
492 2791 661 2851 examussim
683 2790 859 2852 correximus
872 2791 914 2871 ²).
952 2793 1079 2854 Accensi
1097 2805 1250 2876 praeterea
1268 2819 1337 2860 me-

225 2882 339 2942 moriae
360 2884 546 2946 veuerandac
566 2882 688 2963 Pippini
713 2883 856 2966 genitoris
879 2886 974 2946 nostri
999 2887 1152 2967 exemplis,
1182 2890 1233 2968 qui
1254 2901 1336 2954 totas

227 2973 392 3034 Gallianum
411 2975 558 3038 Ecclesiae
577 2977 730 3036 Romanae
749 2977 915 3040 traditionis
934 3001 987 3042 suo
1007 2980 1104 3044 studio
1125 2982 1258 3046 cantibus
1277 2984 1336 3045 de-

179 3065 183 3080 *
225 3068 338 3128 coravit
353 3069 395 3149 ³),
415 3091 471 3132 nos
490 3070 583 3131 nibilo
596 3069 691 3132 minus
711 3068 816 3130 solerti
832 3073 948 3134 easdem
968 3095 1100 3136 curamus
1118 3075 1227 3136 intuitu
1245 3099 1336 3159 prae-

226 3161 377 3242 cipuarum
397 3163 539 3248 insignire
559 3163 636 3224 serie
655 3163 826 3224 lectionum.
861 3165 999 3245 Denique
1020 3167 1087 3246 quia
1108 3168 1145 3229 ad
1156 3173 1336 3236 nocturnale

226 3256 357 3318 officium
377 3258 550 3338 compilatas
571 3257 754 3337 quorundam
775 3277 855 3318 casso
876 3255 1004 3336 laborc,⁸
1020 3259 1092 3321 lieet
1110 3274 1191 3324 recto
1213 3249 1336 3345 intuitu,

225 3350 319 3411 minus
339 3363 438 3413 tamen
459 3353 580 3427 idoneo,
600 3349 761 3432 reperimus
785 3349 943 3428 lectiones,
976 3355 1086 3434 quippe
1112 3375 1187 3434 quae
1214 3370 1245 3418 et
1267 3359 1334 3424 sine

225 3451 379 3500 anctorum
399 3465 518 3503 suornm
537 3447 688 3508 vocabulis
714 3457 810 3508 essent
836 3445 964 3526 positae,
995 3459 1025 3508 et
1048 3447 1169 3510 infinitis
1192 3451 1336 3526 vitiorum

224 3531 405 3594 'anfractibus
424 3546 585 3611 scaterent,
611 3559 675 3600 non
695 3561 791 3600 sumus
811 3539 889 3618 passi
907 3539 1015 3600 nostris
1034 3540 1065 3600 in
1086 3541 1188 3604 diebus
1206 3545 1238 3604 in
1259 3547 1337 3610 divi.

225 3623 271 3684 nis
296 3624 474 3688 lectionibus
497 3628 577 3688 inter
601 3650 682 3690 sacra
708 3629 805 3691 officia
824 3631 1055 3694 inconsonantes
1074 3647 1261 3719 perstrepere
1279 3663 1334 3703 so-

225 3716 391 3792 loecismos,
410 3731 500 3800 atque
522 3723 681 3784 earundem
701 3721 861 3786 lectionum
881 3725 913 3786 in
932 3726 1035 3788 melius
1054 3727 1218 3794 reformare
1230 3737 1336 3796 trami-

266 3936 288 3989 t)
311 3934 441 3992 Walter,
462 3941 495 3996 tl,
510 3957 535 3999 p.
548 3947 586 3990 ot.
614 3943 903 3993 Ausdemselbcnlabro.
923 3973 949 3984 -
967 3945 1097 4007 natura,
1119 3949 1207 4008 Copta,
1222 3951 1292 4000 ron.
1313 3969 1336 4012 ι.

223 4027 250 4070 P.
265 4006 319 4116 pp}
345 4000 514 4063 marsuan,
535 4009 612 4056 Van.
632 4011 740 4062 aaaron.
759 4028 785 4071 p.
801 4001 838 4060 rs:
865 4012 953 4066 Αωι.
971 4015 1042 4062 τοι.
1057 4017 1089 4074 u,
1107 4013 1237 4076 u.·xxv1,
1257 4022 1278 4081 ς.
1292 4027 1337 4080 su,

225 4085 250 4126 p.
311 4100 318 4116 .

263 4139 288 4190 ¹)
303 4137 384 4198 Vergl.
404 4135 536 4194 Thasos.
552 4141 584 4184 os't
594 4141 692 4189 llludoo.
707 4143 795 4202 Impar.
810 4161 831 4192 r.
845 4151 869 4192 7.
882 4161 923 4206 ap.
949 4147 1061 4207 Perta,
1075 4153 1109 4209 ll,
1125 4167 1149 4210 p.
1164 4155 1216 4197 5¹32.

264 4205 288 4254 θ)
303 4205 328 4250 8.
345 4204 478 4264 capitulare
495 4205 517 4255 1.
531 4209 588 4251 aare
601 4211 653 4266 789,
672 4225 725 4270 rap.
739 4213 869 4262 nxxvtu.
886 4227 924 4272 ap.
943 4215 1077 4275 Walter,
1091 4219 1122 4267 11.
1140 4233 1165 4276 p.
1181 4221 1218 4264 or.
1246 4219 1338 4273 Paul,

225 4267 418 4325 Warussrs'd.
446 4273 516 4318 Grato
534 4275 645 4334 Episcop.
664 4276 772 4326 Mettus.
791 4293 830 4338 ap.
854 4279 1128 4342 Parrn‚11,p.2sa.
1157 4285 1338 4342 wat-freda·

224 4333 328 4378 straet
345 4337 384 4383 lto.
404 4339 434 4382 do
450 4341 531 4386 exord.
552 4348 574 4385 et
586 4342 717 4389 imam.
732 4359 808 4391 unam
821 4346 995 4398 uolutamur.
1023 4347 1096 4404 (etot.
1114 4363 1178 4398 mur.
1197 4361 1260 4411 patr.
1279 4358 1338 4408 Vol.

223 4403 275 4449 xv.
296 4402 372 4462 ungu.
387 4409 452 4457 rsrr.
465 4407 520 4463 ru.)
537 4423 558 4456 a.
574 4411 613 4457 rs.
