2908 5094
277 631 386 695 pecora
406 627 468 670 non
487 605 636 689 languida,
653 615 687 665 et
704 614 738 664 ut
757 601 877 664 diximus
897 620 953 682 pro
973 601 1031 660 hoc
1047 581 1227 673 vacomitias,
1245 596 1294 660 vel
1315 617 1384 658 car-

275 726 359 768 rucas
378 723 441 764 non
460 701 620 762 minorent
702 763 705 777 Ι

200 781 205 800 ”
332 797 443 858 xxrv.
484 793 636 873 Quicquid
665 787 1037 866 annemundum
1062 787 1132 846 aare
1152 782 1258 858 reses,
1287 803 1386 844 unus.

275 892 399 972 quisque
418 889 504 949 iudex
524 885 556 946 in
575 903 627 945 aua
647 883 754 944 haheat
772 879 875 961 plebio
887 882 937 965 ²),
958 879 1084 960 qualiter
1108 877 1189 938 bona
1214 887 1246 938 et
1265 875 1387 956 optima

273 995 362 1064 atquc
391 982 469 1042 bene
494 979 624 1040 studiose
649 987 680 1038 et
702 974 796 1036 nitide
821 973 921 1034 omnia
949 973 1009 1036 sint
1033 969 1213 1050 composita,
1238 970 1387 1050 quicquid
1433 1039 1440 1054 1

273 1073 421 1148 dederint,
441 1083 472 1134 et
490 1071 688 1150 unusquisque
707 1067 795 1128 iudex
813 1066 921 1128 habeat
940 1067 977 1128 de
997 1085 1118 1126 annona
1129 1074 1228 1143 pastos
1244 1079 1300 1143 per
1317 1063 1387 1126 sin-

272 1168 359 1250 gulos
378 1166 440 1228 dies
466 1165 503 1226 ad
527 1185 610 1224 suum
633 1161 784 1224 servitium
808 1160 846 1220 ad
869 1181 1000 1222 mensam
1026 1170 1158 1222 nostram
1177 1157 1297 1237 quaudo
1316 1177 1386 1217 ser-

273 1260 372 1336 vierit,
392 1271 423 1319 et
441 1253 710 1336 reliqua'dispeusa
728 1250 863 1316 similiter
882 1253 915 1314 in
935 1252 1072 1315 omnibus
1088 1252 1169 1314 bona
1187 1251 1235 1326 sit,
1253 1261 1314 1310 tam
1334 1249 1385 1310 sa-

271 1353 347 1428 uine,
367 1371 452 1431 quun
473 1361 503 1410 et
522 1349 678 1430 peculium.

330 1445 424 1504 XXV.
463 1443 512 1504 De
530 1442 666 1522 pastione
678 1443 710 1521 ⁸)
736 1450 834 1500 antem
854 1439 909 1500 kal.
930 1438 1036 1521 Septb.
1056 1437 1186 1500 iudicare
1205 1436 1334 1514 saciant,
1357 1438 1383 1498 si

208 1591 210 1600 ,
271 1538 364 1598 fuerit
382 1546 434 1596 aut
452 1555 524 1596 nou.

326 1629 437 1692 XXVI.
476 1626 604 1688 Maiores
623 1645 696 1688 vero
708 1625 831 1706 mplius
847 1625 879 1686 in
894 1625 1058 1686 ministerio
1079 1645 1142 1688 non
1163 1623 1302 1700 habeant,
1320 1625 1382 1686 nisi

269 1720 461 1806 quantumin
481 1740 539 1780 uua
559 1719 607 1780 die
627 1719 793 1796 circumire,
812 1728 862 1778 aut
881 1719 1054 1799 praevidere
1074 1719 1239 1799 potuerint.

325 1813 452 1875 XXVII.
492 1811 586 1872 Casae
610 1820 730 1878 nostrae
749 1810 954 1872 indesinenter
973 1811 1041 1872 soca
1061 1822 1092 1872 et
1109 1823 1219 1872 wactas
1238 1809 1379 1888 baneam,

244 1910 309 1972 rita
327 1919 360 1968 ut
379 1906 475 1970 salvae
494 1905 574 1981 sint,
598 1917 629 1968 et
649 1906 768 1986 quando
793 1903 873 1966 missi
896 1904 944 1966 uel
963 1904 1075 1986 legatio
1099 1905 1137 1966 ad
1161 1903 1300 1984 palatium
1324 1927 1379 1968 ve-

268 2002 355 2067 niunt
373 2001 421 2061 vel
441 1999 577 2074 redeunt,
597 1998 680 2058 nullo
700 2000 791 2058 modo
811 1999 842 2056 in
863 1997 952 2058 curtis
971 1997 1127 2060 dominicis
1150 1998 1378 2060 mansionaticas

267 2095 426 2175 prendant,
446 2091 502 2154 nisi
521 2086 688 2171 specialiter
706 2090 916 2177 iussiolnostra
936 2101 987 2152 aut
1004 2091 1127 2174 reginae
1148 2091 1253 2167 luserit,
1273 2103 1304 2152 et
1322 2114 1377 2154 co-

266 2207 328 2248 mes
354 2186 403 2246 de·
416 2201 470 2248 suo
493 2184 657 2246 ministerio
682 2183 730 2246 vel
755 2180 889 2244 homines
914 2183 959 2242 illi
985 2184 1036 2262 qui
1061 2183 1219 2263 antiquitus
1239 2187 1379 2248 consueti

266 2277 390 2351 fuerunt
408 2278 511 2340 missos
532 2289 583 2338 aut
601 2277 764 2360 legationes
784 2277 959 2354 soniare⁴)‚
987 2277 1028 2336 ita
1054 2287 1086 2338 et
1109 2277 1199 2338 modo
1224 2276 1379 2354 inantea,

176 2409 180 2418 .
266 2384 298 2434 et
317 2373 354 2434 de
374 2371 560 2453 paraveredis
572 2373 615 2448 ὓ),
636 2381 666 2432 et
685 2369 785 2430 omnia
799 2369 840 2430 eis
860 2369 1024 2430 necessaria
1043 2369 1133 2430 solito
1153 2389 1235 2432 more
1254 2369 1377 2434 soniare

266 2464 387 2541 iaciant,
408 2465 534 2544 qualiter
554 2464 632 2524 bene
659 2473 690 2522 et
710 2461 874 2522 honorilice
894 2461 930 2522 ad
950 2461 1090 2542 palatium
1108 2464 1229 2539 venire,
1257 2463 1305 2525 vel
1324 2485 1375 2526 re-

267 2558 332 2620 dire
351 2556 475 2636 possint.

322 2648 464 2710 XXVIII.
503 2648 647 2710 Volumus
667 2657 701 2706 ut
718 2667 774 2726 per
792 2667 885 2708 annos
900 2647 1033 2730 singulos
1052 2649 1129 2710 iutra
1150 2649 1374 2734 quadragesima

266 2741 413 2804 dominica
432 2740 463 2800 in
484 2740 587 2820 palmis
607 2759 683 2818 quae
704 2759 815 2798 osanna
835 2739 957 2814 dicitur,
981 2741 1056 2802 iuxta
1077 2744 1296 2806 ordinationem
1314 2765 1373 2806 no-

265 2845 367 2908 strum,
387 2843 542 2912 argentum
567 2833 604 2892 de
623 2843 727 2892 nostro
747 2830 941 2912 laboratu⁶)‚
965 2847 1121 2916 postquam
1146 2838 1374 2920 cognoverimus

266 2927 304 2988 de
323 2924 472 3006 praesenti
491 2944 571 2987 anno
592 2935 732 3005 quantum
751 2925 910 2991 sitmostra
929 2926 1077 2990 laboratio
1097 2930 1213 2992 deserte
1227 2931 1373 2992 studeant.

321 3017 431 3078 XXIX.
470 3015 519 3078 De
539 3017 787 3096 clamatoribus⁷>
808 3040 842 3080 ex
861 3019 1029 3082 hominibus
1046 3023 1155 3083 nostris
1172 3025 1374 3104 unusquisque

144 3108 146 3122 '
265 3111 352 3175 iudex
371 3110 559 3192 praevideat,
583 3121 617 3170 ut
640 3121 704 3172 nois
729 3113 768 3172 sit
792 3114 833 3174 eis
859 3134 980 3174 necesse
1000 3115 1101 3176 venire
1121 3119 1159 3178 ad
1177 3139 1233 3178 nos
1251 3117 1372 3197 procla-

262 3228 355 3283 mare,
376 3217 407 3267 et
427 3205 488 3265 dies
509 3225 583 3284 quos
603 3205 713 3266 servire
734 3204 832 3280 debet,
852 3225 907 3284 per
927 3208 1146 3290 neglegentiam
1159 3231 1223 3272 non
1237 3210 1372 3272 dimittat

262 3300 406 3378 perdere,¹
419 3309 451 3360 et
468 3298 493 3360 si
513 3297 650 3360 hahuerit
668 3319 766 3360 servus
785 3309 888 3358 noster
907 3299 1071 3364 lorinsecus
1088 3303 1211 3365 iustitias
1229 3304 1267 3364 ad
1278 3323 1371 3382 quae-

261 3392 402 3464 rendum,
426 3393 567 3472 magister
594 3393 655 3454 eius
680 3415 747 3456 cum
774 3392 857 3454 omni
880 3393 1047 3456 intentione
1075 3395 1207 3458 decertet
1230 3417 1287 3478 pro
1309 3397 1371 3458 eius

261 3483 386 3556 iustitia,
413 3492 444 3542 et
469 3482 494 3540 si
519 3483 619 3561 aliquo
645 3486 713 3546 loco
733 3487 853 3546 minime
878 3508 942 3548 eam
962 3489 1098 3569 accipere
1116 3488 1249 3562 valuerit,
1268 3502 1371 3550 tamen

260 3575 326 3656 ipso
346 3591 432 3636 servo
452 3583 573 3649 nostro,
593 3595 649 3654 pro
670 3575 728 3638 hoc
749 3578 873 3658 fatigare
893 3599 955 3640 uon
975 3581 1141 3660 permittat,
1159 3582 1211 3643 sed
1229 3567 1372 3665 r'oagister

261 3667 327 3819 eiuq
343 3665 635 3746 persemetipsum,
655 3679 705 3728 aut
723 3691 806 3730 suum
825 3671 943 3734 missum
962 3673 1020 3735 hoc
1039 3675 1127 3736 nohis
1144 3687 1249 3738 notum
1268 3676 1370 3739 lacere

260 3770 307 3822 stu
329 3772 384 3820 eac

316 3853 409 3914 XXX.
446 3850 590 3916 Volumus
621 3855 700 3944 unde
730 3855 839 3918 servire
872 3859 984 3920 debent
1013 3861 1051 3922 ad
1076 3883 1149 3942 opus
1173 3877 1308 3926 nostrum
1334 3885 1370 3925 er

259 3947 340 4010 omni
369 3941 564 4008 conlaboratu
589 3967 691 4012 eorum
718 3951 869 4014 servitium
891 3973 1049 4037 segregare
1075 3955 1202 4034 faciant,
1231 3971 1262 4019 et
1286 3959 1369 4020 unde

261 4106 461 4120 -ι--Ι

298 4214 319 4264 ¹)
333 4215 413 4258 Tiaris.
440 4239 465 4248 -
492 4213 672 4264 ²)Vsnchlusu.
699 4243 720 4252 —
751 4219 774 4272 ⁸)
790 4222 821 4264 Es
836 4221 865 4264 ist
879 4221 920 4266 dia
937 4222 1201 4286 Richelmastgatneint.

297 4278 321 4330 ⁴)
334 4280 480 4342 varpllegen.

298 4341 322 4396 ¹)
335 4345 471 4403 Vorspann:
487 4345 587 4390 hiervon
600 4347 642 4391 das
655 4349 765 4394 deutsche
778 4351 875 4406 Pseudo.
900 4379 926 4390 -
954 4359 976 4408 θ)
991 4359 1096 4404 linwerlt.

297 4413 318 4454 ⁷l
332 4409 479 4472 llieienigen,
492 4413 580 4460 welche
593 4415 733 4472 appellis-eu.
