2908 5094
774 405 863 476 lto

270 565 315 627 tio
335 567 374 627 sit
392 565 471 646 apud
479 565 578 625 Deum
595 563 671 624 ilios
692 573 847 626 contumax
866 571 897 622 et
915 559 1086 642 parentibus
1104 557 1297 634 inobediens,
1316 580 1395 620 cum

273 679 341 720 eum
361 657 459 734 Deus,
487 657 563 720 sicut
581 659 613 717 in
631 655 869 718 Deuteronomio
889 655 990 738 legere
1009 653 1150 735 potestis,
1178 673 1232 734 per
1252 653 1394 735 Moysen

273 749 311 812 ab
338 750 420 814 omni
443 750 556 832 populo
584 749 708 830 lapidari
734 748 895 830 praecepit.
944 735 1136 829 Quapropler
1160 746 1395 806 admonendum

215 843 219 852 '
274 844 375 904 censui
394 845 576 924 Neptitatem
596 855 730 918 vestram,
749 855 783 903 ut
802 863 857 924 per
876 841 1062 922 prudentiam
1083 839 1180 901 aDeo
1199 839 1284 902 vobis
1307 859 1394 901 con-

275 957 387 998 cessam
407 937 531 999 caveatis
552 935 714 1018 perieulum
733 946 872 995 vestrum.
910 935 1015 1012 Neque
1036 932 1219 994 arbitremini
1239 933 1317 994 banc
1340 934 1396 994 di-

274 1030 373 1093 vinam
397 1029 572 1090 sententiam
592 1049 678 1108 posse
698 1048 715 1087 a
735 1026 1043 1107 quolibet'xcontemni,
1062 1027 1133 1087 licet
1152 1027 1182 1084 in
1192 1027 1302 1087 ‚Veteri
1315 1025 1393 1108 lege
1445 1093 1446 1100 q

209 1109 214 1124 Χ
277 1121 445 1202 conscripta
465 1123 509 1183 sit
541 1123 596 1182 Est
615 1121 692 1180 enim
714 1141 770 1180 una
790 1121 829 1182 de
848 1120 957 1195 multis,
978 1141 1047 1200 quas
1058 1119 1184 1179 maiores
1196 1139 1230 1180 ae
1244 1121 1393 1180 doctores

277 1212 388 1290 nostri,
418 1209 483 1274 cim
507 1213 645 1276 videlicet
664 1214 765 1273 Patres
790 1225 849 1274 tam
874 1212 1078 1294 praesentibus
1104 1233 1190 1292 quam
1215 1214 1396 1294 praeteritis

276 1304 471 1386 temporibus,
491 1317 550 1367 tam
564 1303 737 1368 Christianis
757 1327 844 1386 quam
862 1305 993 1382 Judaeis,
1013 1305 1209 1368 observandas
1229 1325 1290 1366 esse
1313 1327 1392 1368 cen-

278 1409 408 1460 suerunt
446 1401 525 1464 Amo
544 1420 608 1476 vos,
627 1400 708 1462 Deus
728 1400 798 1476 scit,
818 1411 848 1460 et
865 1400 934 1462 idco
954 1411 1013 1462 tam
1033 1399 1206 1462 fiducialiter
1225 1400 1393 1474 admoneo,

275 1510 334 1554 nec
352 1513 406 1554 vos
426 1495 584 1554 utilitatem
603 1514 750 1574 personae
770 1493 966 1570 adraonensis,
984 1495 1036 1556 sed
1055 1493 1258 1556 salubritatem
1269 1493 1393 1554 consilii

276 1583 467 1650 considerare
487 1585 609 1648 debetis.
649 1586 721 1668 opt.
1446 1579 1447 1602 ¹

1183 1747 1192 1780 l

730 1833 930 1844 ι--ιΙ--ιι-*σ

429 2219 627 2278 Elnlaerdl
648 2221 818 2293 epistola
839 2223 891 2278 nat
907 2219 1039 2280 fillum
1056 2233 1177 2278 strum
1191 2219 1231 2292 Ι).

338 2347 497 2416 Carissimo
517 2355 580 2416 filio
600 2356 707 2416 Vussio
732 2356 763 2416 in
782 2353 915 2416 Domino
940 2353 1072 2414 salutem.
1115 2356 1231 2416 Vereor
1256 2373 1391 2436 namque
1447 2347 1448 2354 ἵ

280 2443 338 2521 fili,
358 2456 390 2506 et
406 2447 492 2509 valde
512 2460 629 2524 metuo,
651 2448 731 2533 quod
749 2447 854 2508 relicto
876 2445 963 2522 ovili,
983 2469 1036 2510 nec
1055 2447 1099 2508 tui
1118 2469 1174 2537 nec
1194 2449 1253 2509 mei
1268 2469 1394 2512 mmor

248 2605 259 2622 f
281 2555 345 2598 esse
365 2538 487 2613 debeass
508 2543 575 2620 'quia
595 2542 728 2602 iuventus
749 2542 912 2616 immatura,
931 2541 986 2602 nisi
1006 2542 1097 2602 irenis
1115 2541 1285 2623 discipliuae
1298 2547 1392 2620 cotir-

186 2634 188 2642 ’
280 2627 348 2706 cita,
367 2631 445 2694 baud
465 2633 550 2696 facile
570 2655 625 2716 per
644 2633 770 2698 iustitiae
790 2634 902 2696 incedit
919 2635 990 2696 vias.
1021 2635 1237 2714 Quamobrem,
1255 2637 1295 2697 mi
1305 2649 1391 2712 uate,

281 2725 366 2783 stude
386 2725 499 2804 probos
519 2729 658 2788 aemulari
676 2749 789 2804 mores,
816 2739 847 2788 et
866 2748 954 2808 quem
979 2740 1010 2790 te
1030 2753 1147 2814 semper
1171 2731 1258 2810 sequi
1284 2731 1391 2790 borta-

282 2811 350 2887 bar,
369 2835 409 2876 ne
427 2818 489 2878 ullo
507 2833 597 2900 pacm
618 2821 766 2882 offensum
786 2821 896 2882 babere
915 2821 1002 2884 velis:
1032 2827 1083 2890 sed
1102 2822 1296 2906 professionis
1314 2835 1390 2882 tuae

281 2923 412 2983 memor,
432 2917 583 2990 'quantum
606 2914 674 2995 ¹lpse
701 2915 838 2976 annuerit
862 2915 909 2976 cui
932 2926 963 2975 te
987 2929 1084 2978 totum
1109 2917 1294 2992 commisisti,
1323 2916 1390 2976 eius
1448 2919 1449 2946 ³

281 2999 426 3064 mandatis
445 3003 546 3067 insiste
566 3005 719 3071 discendis.
758 3008 812 3070 llis
832 3009 971 3085 edoctus,
998 3021 1028 3070 et
1051 3011 1082 3070 in
1103 3031 1195 3090 opere
1216 3017 1317 3072 eosdm
1339 3031 1389 3072 as-

282 3105 380 3160 suetus
400 3097 482 3160 nullo
502 3099 596 3160 vitalis
615 3101 756 3162 scientiae
776 3104 934 3164 commodo
955 3103 1076 3164 carebis.
1107 3101 1192 3163 Sicut
1205 3115 1236 3164 te
1249 3122 1391 3184 praesens

283 3191 396 3268 monui,
414 3192 446 3252 ia
466 3193 562 3254 studio
583 3193 714 3254 discendi
734 3206 764 3254 te
785 3213 899 3270 exerce,
919 3207 950 3256 et
969 3195 1111 3276 quidquid
1132 3217 1165 3256 ex
1184 3195 1248 3276 ipso
1268 3195 1390 3256 lucidis-

51 3312 54 3322 ι
164 3328 182 3354 ,,
281 3281 356 3344 simo
383 3297 412 3346 et
436 3285 684 3349 abundantissimo
711 3290 811 3371 magni
832 3285 968 3349 Oratoris
993 3289 1117 3372 ingenio
1143 3289 1257 3369 assequi
1277 3287 1390 3350 nobilis

281 3374 423 3437 scientiae
442 3380 583 3458 potueris,
603 3379 677 3441 nibil
697 3381 836 3442 intactum
853 3378 1001 3463 relinque.
1032 3383 1156 3444 Maxime
1167 3394 1264 3443 autem
1273 3381 1390 3462 probos

282 3483 381 3524 mores
399 3467 493 3546 illius,
518 3473 623 3550 quibus
645 3473 776 3550 excellit,
802 3477 910 3538 imitari
930 3475 1096 3550 memento,
1116 3476 1257 3555 quoniam
1277 3474 1390 3535 Gram-

281 3557 388 3618 matica
414 3571 444 3620 et
468 3562 644 3641 Rhetorica,
674 3579 848 3648 caeteraque
873 3569 1042 3630 liberalium
1065 3569 1169 3629 artium
1194 3568 1288 3630 studia
1311 3589 1391 3629 vana

282 3661 361 3727 sunt,
381 3663 411 3712 et
429 3655 514 3716 valde
533 3657 638 3718 nociva
658 3661 747 3722 servis
766 3659 840 3738 Dei,
860 3663 916 3723 nisi
935 3685 990 3744 per
1009 3661 1131 3746 gratiam
1153 3663 1279 3724 divinam
1299 3661 1391 3722 bonis

282 3743 414 3806 moribus
434 3747 551 3811 subesse
571 3763 746 3828 noscantur,
766 3753 833 3832 quia
853 3755 973 3818 scientia
993 3756 1092 3831 inflat,
1120 3755 1223 3816 caritas
1241 3773 1315 3816 nero
1337 3775 1390 3816 ae-

282 3835 389 3897 dificat.
418 3841 523 3904 Melius
542 3845 615 3923 milri
636 3845 753 3926 quidem
775 3858 827 3922 est,
847 3861 881 3909 ut
899 3861 929 3910 te
949 3843 1096 3910 mortium
1107 3849 1208 3910 videre
1221 3849 1392 3931 contingat,

282 3949 371 4011 quam
387 3933 521 3996 inllattrm
542 3950 572 3998 et
591 3951 753 4001 scatentem
771 3940 859 4002 vitiis.
898 3941 968 4048 Nqu
988 3937 1225 4003 enim'Salvator
1244 3963 1260 4002 a
1280 3963 1312 4004 se
1326 3942 1390 4001 nti.

280 4026 450 4088 raculorum
469 4029 555 4108 facta,
575 4033 628 4093 sed
646 4033 899 4100 mansuetudinem
916 4047 947 4096 et
959 4036 1055 4096 cordis
1068 4035 1262 4097 bumilitatem
1274 4035 1389 4096 discere

281 4123 442 4215 praecepit.
483 4123 563 4200 Quid
583 4125 690 4205 plurab
716 4129 804 4210 saebe
824 4129 896 4190 baec
916 4141 948 4189 et
967 4129 1023 4189 alia
1042 4127 1209 4190 huiusmodi
1229 4149 1246 4188 a
1266 4148 1315 4188 me
1335 4149 1390 4186 au-

283 4211 358 4276 disti.
390 4213 511 4276 Utinam
532 4215 690 4298 aliquando
710 4221 865 4305 confingat
884 4221 946 4282 istis
957 4219 1106 4299 delectari,
1126 4221 1233 4304 quibus
1243 4221 1391 4284 munditia

281 4339 482 4363 -ὓ-ᾱ--ι

323 4410 343 4460 ¹)
359 4411 546 4470 wasnaum,
569 4421 590 4466 1.
606 4422 638 4474 l.,
652 4431 677 4476 p.
692 4423 729 4465 89.
