2890 5092
882 325 891 342 0

761 404 849 476 282
983 407 987 422 ¹

575 715 580 722 .
731 650 904 727 Lxxxn.
988 683 990 692 ⁴

520 817 524 826 ·
585 777 1042 858 Sometlomeslsymorlnle!

429 939 432 952 ὅ
448 882 476 935 in
495 879 594 952 oppido
612 877 736 936 Rt't’baclt
754 880 910 934 Dioeceeeos
927 877 1119 950 Ratieponensis
1136 877 1170 950 ¹).

319 1022 344 1084 1.
383 1023 419 1084 In
439 1025 512 1084 aede
532 1043 611 1086 sacra
631 1043 669 1085 ne
696 1033 864 1104 strepunto:
895 1041 934 1083 ne
961 1022 1146 1084 ambulanto:
1178 1031 1247 1081 ante
1272 1021 1369 1082 finem

262 1113 306 1175 rei
326 1115 440 1179 dirinae
460 1117 691 1178 ne'excedunto.

320 1207 380 1268 II.l
398 1208 558 1292 Presbyter
577 1221 644 1271 aute
665 1229 773 1270 annum
791 1211 883 1270 XXX.
902 1207 1004 1270 aetatis
1023 1229 1061 1270 ne
1082 1218 1286 1272 consecretur:
1309 1228 1371 1268 nec

263 1299 319 1360 nisi
337 1300 396 1362 vita
416 1314 446 1362 et
464 1303 596 1366 moribus
616 1315 683 1363 ante
705 1303 870 1384 exploratis.

224 1421 231 1436 ·
320 1393 377 1455 III.
417 1392 525 1456 Clerici
546 1396 618 1456 feria
637 1396 690 1454 IV.
711 1407 741 1456 et
759 1397 812 1456 VI.
834 1415 921 1456 carue
941 1406 972 1456 et
989 1395 1060 1455 vino
1080 1394 1255 1470 abstineant,
1276 1415 1369 1475 prae-

266 1494 397 1566 terquam
427 1509 449 1566 a,
470 1487 611 1548 Pascbate
643 1489 680 1549 ad
704 1489 915 1550 Pentecosten:
946 1507 962 1548 a
986 1488 1149 1549 Nativitatc‘
1169 1487 1297 1548 Domini
1330 1490 1367 1548 ad

266 1577 476 1658 Epiphaniam
504 1582 657 1661 Festisque
682 1580 783 1640 diebus
803 1581 858 1642 SS.
877 1581 1106 1661 Apostolorum,
1130 1583 1165 1640 B.
1184 1582 1222 1638 V.
1241 1581 1367 1656 Mariae,

267 1670 297 1730 S.
317 1673 478 1750 Michaelis,
498 1675 528 1734 S.
541 1675 686 1734 Jobannis
703 1672 862 1750 Baptistae,
882 1673 914 1733 S.
934 1675 1062 1734 Martini.
1094 1675 1158 1734 Hac
1177 1685 1277 1735 tamen
1298 1674 1366 1756 lege

267 1763 441 1845 hospitibus,
460 1769 596 1849 aegrotis,
614 1765 775 1830 viatoribus
795 1765 904 1845 iisque,
926 1767 975 1846 qui
995 1767 1066 1826 belli
1087 1768 1214 1850 degunt,
1236 1767 1366 1830 exemtis.

321 1859 375 1918 IV.
412 1861 490 1922 Usus
509 1863 644 1922 vestitum
665 1859 838 1944 (vectiumss)
858 1860 896 1918 sit
914 1880 997 1919 more
1018 1861 1174 1920 communi.

269 1959 276 1968 ”
323 1954 360 2018 X.
401 1952 511 2015 Clerici
530 1974 570 2014 ne
588 1953 644 2014 sibi
664 1953 815 2013 vindicent
833 1951 913 2012 bona
932 1952 1094 2016 Nobilium.

224 2033 229 2058 ¹
321 2046 375 2110 VI.
413 2047 554 2108 Decimae
579 2046 744 2108 dividantur
768 2044 800 2104 in
824 2057 921 2126 partes
947 2056 1086 2125 quatuor:
1117 2047 1148 2108 in
1172 2033 1364 2129 Episcopum,

268 2138 452 2215 Sacerdotes,
473 2161 594 2222 egenos,
613 2139 767 2200 Ecclesias.

324 2233 393 2292 VII.
432 2234 602 2310 Viduarnm,
623 2232 816 2312 pupillorum,
837 2230 1077 2308 caecutientium,
1096 2233 1218 2313 inopom
1239 2256 1311 2296 cura
1328 2235 1364 2294 sit

266 2325 565 2406 penes‘Episcopum.
585 2323 802 2396 ,Mendicabula
822 2344 860 2382 ne
879 2323 1052 2386 tolerentur.
1082 2327 1159 2388 Suos
1179 2328 1290 2408 quique
1310 2349 1377 2408 po-·

266 2419 380 2506 pulares
401 2420 540 2500 oppidani
560 2437 761 2502 pagensesque
781 2416 892 2476 alunto.

249 2525 253 2536 ’
321 2513 407 2571 VIII.
446 2513 606 2572 Memoriae
617 2512 793 2570 Sanctorum
811 2530 843 2569 ac
855 2507 1016 2589 Martyrum
1036 2511 1206 2593 ignotorum
1226 2533 1264 2574 ne
1284 2515 1362 2574 fiant.

323 2605 375 2664 IX.
415 2605 540 2666 Venilici
551 2615 581 2666 et
591 2605 806 2664 Necromantae
820 2602 948 2662 cadentis
959 2603 1029 2662 lerri
1046 2605 1175 2665 examine
1191 2607 1362 2687 probentur.

323 2698 359 2758 X.
400 2695 553 2759 Cucullum
573 2698 629 2756 nisi
648 2696 787 2756 Monachi
809 2705 858 2752 aut
877 2693 945 2776 gelu
966 2710 1093 2781 cogente
1113 2719 1150 2758 ne
1171 2711 1299 2782 gestent.

324 2790 376 2848 XI.
414 2791 554 2849 Monachi
574 2810 612 2848 ne
632 2799 719 2848 sunto
741 2791 896 2851 Curiones.

324 2881 393 2940 XII.
431 2880 573 2962 Episcopi
606 2901 644 2942 ne
674 2883 730 2942 sibi
759 2895 900 2967 arrogent
922 2883 1123 2965 Abbatias²);
1161 2886 1288 2946 Praelati
1317 2898 1363 2946 aut

271 2973 383 3036 Clerici
406 2997 445 3036 ne
472 2975 550 3035 bona
576 2995 657 3040 sacra
681 2977 717 3038 ad
744 2979 788 3040 ius
806 2999 930 3060 regnum
951 2979 1158 3058 pertinentia,·
1175 2979 1206 3038 in
1227 2997 1363 3059 usumque

267 3070 419 3135 Nobilium
440 3073 587 3154 deputata.
631 3139 633 3142 ,

310 3349 331 3398 ¹)
343 3348 406 3394 Anu.
422 3349 479 3402 too,
501 3345 540 3390 die
556 3349 594 3393 20.
608 3341 721 3393 lacerant.
737 3341 826 3402 ¹Vergl.
839 3338 968 3398 liaustu,
991 3341 1101 3389 German.
1116 3341 1199 3400 Sacra,
1211 3343 1250 3399 11,
1272 3358 1295 3400 p.
1312 3344 1358 3390 110.
1426 3321 1427 3342 ³

268 3414 313 3460 Ille
326 3414 399 3457 Stella
410 3413 441 3455 ist
457 3413 565 3472 wichtig,
583 3412 636 3458 weil
649 3424 703 3454 man
721 3410 806 3454 daraus
819 3409 920 3464 crucht,
940 3410 985 3453 wie
997 3409 1062 3454 einer
1079 3411 1121 3454 der
1136 3410 1360 3470 auegezeielruetsten

152 3537 155 3549 Ι
235 3523 237 3528 ,
267 3479 375 3525 Biechllfe
389 3479 429 3521 dee
442 3479 589 3521 frankischen
603 3478 714 3528 Reiehee,
728 3475 807 3532 Arno,
821 3475 965 3519 ErzlrIsclaof
975 3491 1020 3520 uon
1034 3477 1163 3535 salzburg,
1182 3477 1228 3519 den
1241 3475 1360 3526 Befelalen,

266 3548 440 3602 Anordnungen
458 3544 506 3585 und
520 3543 653 3586 Wlinechen
664 3541 732 3584 liarls
751 3543 929 3600 entgegenkem.
962 3540 1061 3584 Mutatio
1075 3545 1190 3587 mutuandis
1206 3543 1237 3586 ist
1254 3544 1295 3588 die
1307 3543 1360 3586 ver-

267 3614 374 3671 ordnung
391 3609 451 3654 noeb
465 3611 509 3655 auf
518 3621 601 3654 uouere
613 3609 694 3653 Zeiten
707 3609 848 3652 anwendbar
861 3609 908 3652 und
920 3609 951 3652 im
964 3609 1124 3666 promelecben
1138 3610 1217 3654 Staate
1232 3625 1287 3654 zum
1297 3604 1360 3651 Tbeil
1426 3631 1427 3644 .

266 3708 292 3716 -
304 3681 335 3722 da
348 3679 389 3721 dae
404 3676 540 3720 Bed‘urinise
555 3675 603 3720 eleb
618 3676 664 3718 auf
673 3674 763 3734 gleiclte
775 3675 855 3718 Weise
868 3675 994 3734 ausspracb
1006 3699 1030 3708 -
1047 3674 1072 3718 in
1087 3677 1238 3746 duwendung
1250 3673 1361 3738 gebracht

158 3775 161 3780 ·
267 3745 370 3790 worden.

306 3815 328 3866 a)
343 3809 420 3868 Vergl.
433 3809 525 3859 ltirrlett.
538 3811 562 3855 S.
578 3814 599 3856 9.
612 3810 679 3854 Anm.
695 3811 717 3854 b.
794 3851 796 3860 ,

406 3963 412 3990 l

712 4072 912 4087 ——n--t-

1118 4333 1129 4364 N
