2890 5092
749 379 851 517 Ι188

314 607 382 672 XII.
420 607 467 668 De
488 605 680 686 oppressione
699 603 863 666 liberorum
889 603 1041 666 hominnm
1065 623 1226 686 pauperum
1255 609 1362 688 quiin
1438 585 1439 608 ¹

258 703 386 766 exercitu
405 701 449 762 ire
469 698 589 774 debent,
610 711 640 760 et
659 717 675 758 a
695 669 845 758 ludicibus
865 708 933 757 sunt
952 689 1095 779 oppressi.
1346 761 1354 784 Ι

314 780 398 858 XIII.
437 795 481 854 Ut
500 813 601 853 omnes
621 789 786 873 praeparati
806 789 864 850 sint
882 789 979 867 bene,
1000 793 1236 872 quandocunque
1256 805 1363 854 nostra

257 890 346 951 iuss10
365 887 489 949 venerit.
803 890 809 901 “
1033 960 1037 973 ¹

312 981 393 1043 XIV.
431 979 479 1038 Do
498 977 621 1060 navigiis
640 977 849 1058 praeparandis
868 977 945 1039 eirca
965 976 1051 1039 litor'a
1071 977 1167 1038 maris.

312 1076 377 1135 XV.
415 1071 463 1132 De
482 1069 583 1131 liberis
603 1069 769 1130 hominibus
790 1065 840 1150 qui
859 1069 936 1131 circa
962 1073 1105 1134 maritima
1125 1071 1190 1132 loca
1209 1071 1361 1146 habitant,

189 1185 195 1216 ⁴
255 1169 279 1230 si
298 1167 417 1230 nuntius
436 1161 551 1226 venerit
575 1173 609 1222 ut
633 1163 669 1224 ad
692 1163 920 1224 succurrendum
945 1163 1073 1226 debeant
1095 1163 1213 1241 venire,
1245 1175 1276 1224 et
1298 1165 1361 1224 hoc
1437 1177 1439 1248 ,

255 1259 452 1344 neglexerint,
483 1256 680 1336 unusquisque
700 1255 810 1316 solidos
835 1256 940 1339 viginti
965 1268 1140 1338 componat,
1156 1257 1359 1318 medietatem
1438 1263 1439 1296 f

254 1353 286 1414 in
307 1353 471 1430 dominico,
495 1351 682 1412 medietatem
707 1349 744 1409 ad
769 1349 919 1428 populum.
970 1349 1003 1410 si
1026 1351 1100 1412 ictus
1121 1350 1225 1426 fuerit,
1243 1349 1358 1412 solidos

255 1447 421 1528 quindecim
441 1453 601 1524 componat
620 1443 656 1502 ad
677 1441 830 1522 populum,
850 1452 880 1502 et
899 1442 984 1502 fredo
1005 1441 1165 1504 dominico.

308 1541 390 1602 XVI.
428 1539 476 1599 De
500 1533 706 1619 legationibus·
725 1533 762 1594 ad
785 1554 841 1595 nos
866 1533 1068 1612 venientibus,
1098 1546 1128 1596 et
1153 1535 1190 1596 de
1215 1535 1311 1598 Missis
1340 1557 1356 1596 a

178 1659 182 1672 ·
253 1632 341 1694 nobis
362 1631 488 1692 directis.
561 1695 571 1704 ,

308 1724 406 1786 XVII.
443 1722 492 1783 De
511 1722 555 1784 his
576 1742 650 1804 quos
666 1695 810 1782 =volumus
829 1731 863 1780 ut
881 1741 984 1802 pacem
1004 1721 1183 1786 habeantet
1202 1721 1354 1784 defensio·

252 1840 320 1882 nem
339 1839 395 1901 per
414 1837 517 1900 regna,
537 1813 657 1880 Christo
677 1813 820 1894 propitio,
839 1826 949 1874 nostra.

307 1913 438 1976 XVIII„
460 1911 508 1971 De
527 1909 584 1970 illis
603 1906 772 1970 hominibus
792 1907 842 1988 qui
862 1907 1000 1969 iustitiam
1025 1918 1155 1970 nostram
1176 1907 1353 1968 adnuntian-

137 2073 142 2084 ,
251 2017 296 2068 tes
315 2005 406 2068 occisi
418 2015 494 2066 sunt

307 2099 387 2158 XIX.
424 2097 473 2158 De
498 2095 617 2159 decimis
644 2107 674 2158 et
696 2095 784 2156 nonis
808 2106 897 2175 atque
928 2094 1037 2156 iustitia
1060 2093 1256 2155 Ecclesiarmn
1282 2097 1355 2174 Dei,

167 2227 176 2256 r
250 2202 284 2251 ut
302 2209 405 2252 omnes
425 2189 494 2258 dare
514 2200 544 2250 et
564 2191 720 2250 emendare
741 2188 885 2249 studeant.

307 2284 371 2344 XX.
410 2283 458 2344 De
479 2283 579 2344 banno
598 2281 712 2342 Domni
732 2281 921 2362 Imperatoris
940 2279 1053 2354 Karoli,
1073 2281 1153 2360 quod
1171 2300 1224 2360 per
1242 2296 1355 2342 semet-

249 2378 343 2458 ipsum
364 2387 521 2441 consuetus
541 2387 586 2438 est
604 2375 739 2450 bannire,
758 2375 788 2434 id
809 2385 862 2448 est,
879 2374 915 2434 de
928 2372 1133 2434 mundeburdo
1146 2371 1354 2452 Ecclesiam,

251 2483 282 2532 et
300 2471 449 2534 viduarum
470 2483 500 2533 et
520 2470 738 2550 orphanorum,
765 2477 795 2528 et
817 2465 921 2528 minus,
938 2465 1118 2548 potentium,
1138 2477 1227 2547 atque
1248 2467 1284 2528 de
1303 2490 1351 2529 ra-

247 2577 313 2644 pto,
332 2575 363 2626 et
382 2564 418 2626 de
439 2561 587 2624 exercitali
606 2560 718 2642 placito
737 2559 886 2638 instituto,
909 2571 943 2620 ut
962 2560 1011 2636 hi,
1031 2559 1083 2640 qui
1102 2559 1155 2620 ista
1174 2559 1351 2642 inruperiut,
1437 2553 1438 2572 ¹

248 2655 379 2718 bannum
399 2655 577 2716 dominicum
598 2653 774 2714 omnimodis
795 2664 986 2734 componant

304 2750 384 2808 XXI.
423 2750 467 2807 Ut
486 2767 588 2809 omnes
607 2745 736 2806 habeant
756 2745 852 2804 bonos
872 2744 1082 2806 vicedominos
1106 2756 1136 2806 et
1154 2744 1330 2809 Advocatos.

304 2839 400 2902 XXII.
438 2841 482 2898 Ut
501 2839 658 2918 diiigenter
677 2837 827 2918 inquirant
846 2837 925 2898 inter
943 2838 1117 2920 Episcopus,
1138 2839 1271 2902 Abbates
1290 2843 1348 2906 slve

249 2931 393 3008 Comites,
411 2931 459 2992 vel
478 2930 664 3006 Abbatissas,
684 2942 779 3010 atque·
791 2931 898 2992 Vassos
923 2943 1054 3010 nostros,
1086 2935 1202 3014 qualem
1221 2955 1347 3014 concor-

68 3109 72 3126 ι
124 3054 128 3069 ι
156 3051 160 3066 ·
182 3107 186 3124 Ι
248 3025 325 3088 diam
345 3035 375 3085 et
394 3023 549 3086 amicitiam
569 3024 752 3086 adinvicem
772 3025 901 3086 habeant
916 3045 970 3106 per
985 3025 1098 3110 singula
1110 3027 1280 3104 ministeria,
1300 3040 1349 3088 aut

247 3113 344 3207 aliqua
364 3118 507 3180 discordia
528 3117 607 3178 inter
625 3118 704 3199 ipsos
726 3139 788 3180 esse
807 3117 938 3193 videtur,
959 3128 989 3177 et
1008 3139 1125 3181 omnem
1144 3121 1297 3182 veritatem
1316 3121 1347 3180 in

102 3237 135 3292 ,ν
247 3233 349 3274 eorum
368 3222 551 3274 sacramento
572 3211 659 3274 nobis
679 3212 784 3273 exinde
803 3210 972 3271 renuntiare
993 3232 1055 3272 uon
1074 3214 1245 3297 neglegant

302 3305 414 3366 XXIII.
452 3307 499 3367 De
520 3306 601 3367 omni
620 3325 653 3366 re
672 3305 794 3386 iusuper
811 3316 908 3366 totum
927 3305 1122 3387 undecunque
1142 3327 1261 3368 necesse
1282 3307 1347 3367 lue-

246 3399 295 3480 rit,
313 3408 372 3458 tam
393 3399 429 3458 de
448 3399 564 3460 iustitiis
585 3397 702 3474 nostris,
723 3417 867 3478 quamque
889 3397 925 3459 de
944 3397 1060 3460 iustitiis
1072 3400 1267 3464 Ecclesiarum
1278 3401 1348 3476 Dei,

244 3491 407 3566 viduarum,
427 3493 637 3570 orphanorum,
657 3490 847 3570 pupillorum,
868 3503 898 3552 et
918 3505 1101 3554 caeterorum
1120 3494 1282 3570 homiuum,
1300 3494 1347 3553 in-

247 3583 364 3664 quirant
385 3594 414 3643 et
433 3582 597 3664 perficiant.
635 3585 676 3642 Et
701 3584 899 3664 quodcunque
924 3585 961 3646 ad
986 3587 1198 3669 emendandum
1223 3585 1346 3648 invene-

243 3676 315 3751 rint,
334 3677 491 3754 emendape
510 3677 647 3738 studeant
666 3674 697 3734 in
719 3688 858 3754 quantum
877 3677 980 3738 melius
1001 3679 1160 3760 potuerint.
1204 3681 1245 3738 Et
1265 3681 1346 3760 quod

243 3789 347 3851 perse
368 3771 524 3832 emendare
544 3791 605 3832 non
624 3769 793 3852 potuerint,
821 3771 852 3831 in
878 3770 1072 3852 praesentiam
1092 3783 1221 3833 nostram
1241 3773 1347 3834 adduci

242 3863 359 3926 faciant.

557 4017 600 4073 De
617 4019 681 4074 locis
697 4019 744 4072 ubi
766 4019 838 4073 Missi
856 4039 909 4075 ease
926 4021 1029 4074 debent,

299 4122 335 4182 In
355 4119 455 4203 primis
476 4119 512 4180 de
532 4119 744 4180 Aurelianense
764 4121 879 4184 civitate
900 4119 936 4179 ad
956 4119 1170 4202 Segonnam¹)
1191 4123 1344 4202 quomodo

153 4295 162 4309 γ’
241 4226 355 4275 rectum
375 4227 434 4290 est,
463 4211 570 4273 deinde
590 4213 627 4272 ad
647 4211 796 4293 Trecas²)
823 4235 889 4276 cum
914 4212 1083 4277 Tricassino
1108 4225 1191 4290 toto,
1218 4215 1345 4276 indeed

244 4366 444 4381 um-

197 4445 200 4454 '
282 4453 304 4500 ¹)
318 4447 401 4496 Saone.
427 4471 451 4482 -
480 4451 502 4500 ²)
516 4447 616 4503 Troyes.
