2908 5094
785 433 874 504 ΙΝ

278 597 401 680 quisque
420 592 539 654 illerum
557 590 635 652 meri
654 591 701 654 rel
724 610 832 676 regere
856 588 964 652 debeat
986 591 1174 669 portionem,
1204 589 1386 652 distribuere

278 703 310 754 et
328 688 483 772 designare
502 685 648 760 volumus,
673 705 711 747 eo
730 685 869 748 videlieet
886 684 994 760 modo,
1022 693 1056 742 ut
1080 703 1131 744 ma
1157 682 1282 764 quisque
1306 705 1384 764 por-

277 783 362 845 tione
382 791 554 856 contentus,
577 779 655 840 iuxta
680 777 899 840 ordinationem
915 788 1058 852 nostram,
1077 787 1109 836 et
1127 775 1201 836 lines
1219 778 1306 859 regni
1326 778 1387 852 sni,

275 876 383 960 qniad
402 873 581 956 alienigenas
601 873 804 949 ertrndmnu,
822 893 889 935 oum
908 870 968 932 Dei
987 870 1135 930 adiutorio
1145 870 1257 934 nitamr
1274 871 1387 932 delen-

239 975 242 982 ’
278 971 361 1045 dene,
380 961 412 1029 ei
436 987 539 1048 pacem
559 969 646 1046 atque
665 965 817 1027 caritatem
836 985 902 1026 omn
922 964 1013 1025 fratre
1033 963 1189 1028 custodire.

234 1123 235 1134 ,
333 1059 408 1142 Gap.
423 1060 452 1119 'L
490 1059 659 1124 Divisioneo
674 1079 785 1121 veroa
803 1058 873 1120 Deo
894 1059 1058 1120 conservati
1076 1068 1165 1137 atque
1185 1058 1385 1120 conservandi

273 1153 390 1234 imperii
408 1153 457 1216 vel
475 1153 562 1236 regni
579 1153 673 1214 nostri
691 1152 763 1215 tales
787 1151 886 1212 iacere
911 1150 1036 1231 placuit,
1065 1162 1099 1212 nt
1121 1149 1310 1229 Aquitaniam
1329 1161 1383 1214 to-

272 1259 333 1310 tam
352 1247 607 1322 uwaseoniun,
627 1257 749 1326 excepto
769 1245 847 1328 pigo
861 1243 1028 1320 Turoni'co,
1046 1255 1077 1306 et
1093 1243 1233 1324 quicquid
1251 1243 1322 1303 inde
1343 1244 1383 1304 ad

274 1341 465 1404 occidentem·
480 1351 569 1420 atque
588 1337 758 1420 Hispaniam
777 1338 913 1418 respicit,
938 1339 1025 1398 etde
1046 1338 1164 1400 civitate
1189 1337 1382 1416 Nivernis1),

272 1455 348 1516 qnae
368 1443 411 1495 est
429 1434 484 1494 sita
503 1453 591 1514 snper
610 1431 730 1492 fluvium
750 1431 900 1516 Ligerem,
919 1451 985 1492 cum
1004 1431 1069 1512 ipso
1087 1451 1166 1513 papo
1181 1429 1380 1504 Nives-nense,

192 1551 194 1562 ·
272 1549 380 1610 pagum
399 1525 574 1588 Aralensem
601 1537 689 1605 atque
714 1523 883 1598 Alsensem,
911 1521 1209 1604 cabilionensem),
1235 1523 1379 1585 Matisco·

212 1621 216 1637 “
269 1616 1379 1702 nensem³),Lugdunensem,Sabdiam,Moricunam,Tarentasiam,mon-

269 1726 330 1778 tem
353 1712 512 1786 Cinisium,
543 1709 649 1771 vallem
675 1710 908 1792 Segusianam⁴)
932 1731 1024 1792 usque
1049 1711 1086 1770 ad
1113 1709 1221 1786 Cusas,
1252 1722 1283 1772 et
1307 1711 1378 1770 inde

268 1829 325 1888 per
343 1805 485 1866 terminos
505 1804 676 1864 Italicorum
695 1804 841 1863 montium
860 1822 952 1884 usque
965 1805 1104 1879 adnare,
1123 1803 1178 1864 bos
1197 1823 1290 1886 pagos
1310 1825 1376 1865 cnm

269 1900 328 1962 suis
348 1898 524 1974 civitatibus,
543 1907 574 1960 et
592 1896 734 1976 quicquid
753 1896 791 1958 ab
812 1898 853 1960 eis
865 1909 971 1960 conisa
982 1897 1134 1961 meridiem
1145 1909 1176 1958 et
1190 1897 1376 1958 occidentem

268 2013 361 2073 usqne
380 1993 417 2052 ad
435 2009 528 2067 mare,
546 1989 595 2052 vel
613 2009 706 2070 nsque
726 1991 763 2052 ad
782 1991 938 2072 Hispaniae
957 1992 1136 2065 continetur,
1154 1988 1214 2054 boc
1234 2001 1278 2052 est
1296 1985 1375 2050 illam

267 2086 439 2166 portionem
457 2083 658 2168 burgundiae,
677 2095 708 2168 et
726 2083 925 2160 Provinciam,
944 2104 978 2146 ae
998 2082 1220 2164 Septimaniam,
1239 2082 1287 2144 vel
1307 2082 1375 2142 Go-

265 2179 367 2262 tbiam,
386 2176 540 2240 Ludovieo
561 2175 672 2238 dilecto
692 2177 754 2238 lilio
773 2189 878 2238 nostro
899 2175 1143 2260 consignavimus.
1287 2253 1290 2258 Ι

325 2272 366 2342 11.
405 2271 520 2350 Italiam
539 2293 630 2348 vero,
660 2293 735 2352 qnae
762 2281 793 2330 et
810 2267 1018 2352 Langobardia
1044 2269 1165 2344 dieitur,
1190 2279 1221 2328 et
1245 2267 1378 2330 Baiova-

266 2365 351 2442 riam,
369 2365 445 2428 sicut
464 2365 579 2428 Tassilo
598 2363 711 2438 tenuit,
740 2373 863 2442 excepto
885 2361 996 2424 duabus
1016 2359 1090 2423 villis
1111 2383 1232 2442 quarum
1251 2361 1377 2424 uomina

265 2469 335 2520 sunt
353 2459 538 2544 Inpoldestat
557 2467 588 2517 et
605 2454 800 2530 Lutrahalrof,
821 2475 891 2536 quas
910 2475 966 2532 nos
987 2455 1135 2536 quondam
1153 2453 1301 2517 Tassiloni
1320 2455 1375 2518 be·
1452 2511 1453 2534 ,

266 2551 482 2628 neficiavimus,
502 2561 533 2612 et
557 2548 709 2632 pertinent
729 2547 764 2608 acl
785 2568 893 2630 pagum
914 2547 964 2628 qui
985 2547 1092 2608 dicitnr
1110 2547 1324 2634 Nortbgouve3
1344 2561 1376 2610 et
1452 2587 1453 2630 p

267 2643 303 2706 de
322 2643 497 2721 Alamannia
516 2653 630 2726 partem
651 2661 725 2722 quae
745 2639 776 2699 in
796 2639 915 2700 australi
933 2639 998 2721 ripa
1018 2641 1151 2704 Danubii
1169 2641 1300 2703 fluminis
1319 2653 1376 2718 est,
1452 2647 1453 2714 l

267 2750 298 2798 et
322 2739 359 2800 de
388 2739 454 2820 ipso
480 2737 601 2798 flumine
620 2733 753 2794 Danubii
778 2741 915 2793 currente
940 2731 1033 2794 limite
1057 2755 1149 2815 nsque
1178 2736 1215 2796 ad
1235 2735 1374 2797 Rhenum
1452 2719 1453 2730 ἵ

265 2829 387 2892 fluvium
410 2831 442 2890 in
467 2828 579 2891 confini
603 2847 746 2910 pagorum
773 2824 960 2908 Chletgouve
986 2838 1016 2886 et
1040 2827 1187 2911 Hegouve
1211 2828 1375 2903 inlocum,
1452 2813 1453 2906 J

242 2939 246 2956 ³
267 2921 319 3006 qui
338 2921 445 3010 dieitur
462 2923 561 3006 Euge,
581 2931 612 2982 et
630 2919 699 2980 inde
718 2940 773 3000 per
787 2919 922 2980 Rhenum
933 2917 1054 2982 fluvium
1074 2943 1185 2982 sursum
1204 2943 1304 2984 versus
1323 2943 1374 2980 us-
1452 2921 1453 2932 ³

266 3038 324 3100 que
344 3017 381 3082 ad
399 3017 502 3102 Alpes,
522 3013 662 3098 quicquid
681 3013 760 3074 inter
778 3013 832 3074 bos
851 3012 994 3074 terminos
1006 3013 1104 3091 suerit,
1125 3025 1156 3075 et
1167 3013 1203 3076 ad
1218 3014 1374 3074 meridiem

265 3111 314 3174 vel
335 3112 482 3172 orientem
501 3108 631 3188 respicit,
650 3127 709 3165 nna
729 3129 795 3167 cum
815 3107 922 3167 ducatu
942 3105 1121 3193 Curiensit)
1142 3119 1172 3168 et
1191 3127 1270 3193 pago
1290 3105 1374 3168 Dur-

264 3193 417 3290 gonrel),
436 3201 567 3284 Pippino
588 3199 696 3260 dilecto
717 3199 779 3259 lilio
798 3211 913 3260 nostro.

321 3296 379 3359 ΠΙ.
419 3295 571 3376 Quicquid
596 3305 693 3354 autenr
718 3292 755 3352 de
779 3313 875 3376 regno
906 3301 1010 3354 nostro
1042 3305 1121 3356 extra
1144 3295 1200 3355 bos
1227 3293 1373 3356 terminos
1452 3279 1453 3286 ἵ

265 3391 365 3464 suerit,
384 3389 415 3450 id
434 3401 478 3449 est
496 3389 651 3449 Franciam
671 3399 702 3448 et
719 3385 933 3470 Burgundiam,
953 3399 1076 3470 excepto
1097 3385 1147 3448 illa
1163 3399 1261 3468 parte,
1283 3410 1372 3468 quam
1452 3425 1453 3428 =

263 3480 416 3550 Ludovico
437 3479 579 3552 dedimus,
598 3491 685 3558 atque
698 3480 891 3555 Alamaniam,
912 3493 1034 3562 excepto
1046 3481 1186 3562 portione
1197 3501 1285 3562 quam
1297 3481 1372 3562 Pip-

147 3640 149 3652 ,
211 3577 213 3582 ’
263 3577 336 3660 pino
357 3569 575 3654 adscripsimus,
598 3570 761 3648 Austriam,
785 3571 961 3649 Niustriam,
985 3573 1173 3658 Turingiam,
1200 3573 1372 3650 Saxoniam,

215 3677 219 3688 ’
262 3666 400 3742 Frisiam,
427 3675 457 3726 et
481 3674 595 3746 partem
620 3659 792 3724 Baio'variae
818 3685 892 3744 quae
917 3663 1024 3728 dicitnr
1047 3667 1231 3750 Nortbgow,
1258 3667 1371 3730 dilecto

132 3771 135 3783 '
262 3760 323 3824 lilio
351 3771 454 3822 nostro
484 3755 596 3820 Karolo
626 3756 835 3834 concessimus,
865 3759 906 3819 ita'
932 3771 966 3820 ut
993 3759 1118 3822 Karolus
1146 3773 1177 3821 et
1200 3759 1371 3822 Ludovieus

262 3855 339 3918 viam
358 3851 468 3913 habere
488 3851 602 3932 possint
621 3851 652 3910 in
672 3849 793 3910 Italiam
807 3852 844 3912 ad
864 3851 1000 3912 auxilinm
1024 3853 1176 3914 serendum
1196 3857 1282 3916 fratri
1302 3878 1371 3933 sno,

262 3951 286 4014 si
304 3951 345 4010 ita
364 3944 520 4008 necessitas
535 3945 686 4020 exstiterit,
704 3941 828 4005 Karolus
839 3965 893 4025 per
907 3945 1013 4007 vallem
1022 3948 1222 4030 Augustarum
1234 3949 1277 4027 ⁸),
1290 3971 1369 4030 quae

258 4045 299 4106 'ad
318 4059 443 4126 regnum
462 4037 525 4099 eius
544 4038 688 4117 pertinet,
718 4051 749 4100 et
771 4037 938 4100 Ludovicus
962 4061 1016 4120 per
1035 4042 1140 4104 vallem
1159 4042 1370 4126 Segmiannm,

215 4359 223 4382 ⁸
305 4363 439 4414 ¹)Nevera.
467 4386 492 4398 -
518 4361 542 4413 ²)
557 4359 659 4406 tibatone
675 4375 699 4406 a.
713 4362 738 4406 d.
756 4361 841 4410 Saone.
868 4389 894 4399 -
920 4365 1059 4418 ultuma.

301 4428 324 4482 ι>
340 4429 383 4477 vu
395 4430 425 4474 de
438 4429 505 4476 Suae.
531 4455 557 4465 -
585 4427 700 4480 ⁸)Goire.
729 4457 752 4466 -
779 4429 942 4490 stutirem.
968 4457 992 4468 -
1021 4431 1140 4512 tiburte.
