2890 5092
609 431 696 498 lor

97 579 179 639 ter'e.
219 579 279 655 Qui
298 583 396 643 statim
416 603 557 660 corruens
583 585 620 644 ad
637 588 734 665 {pedes
758 589 851 665 illius,
876 601 980 650 cuncta
1006 593 1145 674 patefecit
1169 617 1202 656 ex

99 673 220 733 ordine.
258 675 339 735 Nihil
358 697 430 736 vero
450 677 544 736 miuus
563 678 756 758 suspicantes,
785 695 854 743 ante
878 685 981 744 boram
1009 685 1067 746 diei
1086 689 1203 748 tertiam

99 787 207 826 omnes
227 767 270 826 illi
290 769 492 830 coniuratores
513 769 679 852 dignissima
699 795 795 852 poena
814 777 860 837 vel
873 775 964 838 exiliis
975 777 1124 856 deportati
1135 795 1202 842 sunt

98 861 277 939 aut‘puniti.
323 861 391 938 Ipse
417 879 536 941 quoque
560 875 708 923 nanus'et
731 867 904 947 gibberosus
929 869 1074 949 Pippinus
1099 871 1201 934 imma-

98 951 220 1012 nissime
241 973 339 1014 caesus
361 963 390 1012 et
410 953 563 1029 detonsus,
591 955 627 1014 ad
647 956 781 1016 cellulam
800 963 890 1022 sancti
911 962 1009 1038 Galli,
1035 983 1110 1040 qnae
1130 984 1201 1024 cun-

99 1043 156 1104 ctis
176 1045 249 1105 locis
268 1044 384 1124 imperii
403 1032 542 1104 latissimi
553 1047 714 1128 pauperior
731 1050 791 1110 visa
813 1064 856 1112 est
874 1065 904 1112 et
922 1055 1089 1137 angustior,
1116 1057 1201 1116 casti-

98 1138 192 1216 gandi
212 1139 304 1217 gratia
330 1140 365 1198 ad
390 1150 505 1218 tempus
525 1127 737 1220 aliquabtulum
762 1144 919 1206 destinatus
939 1161 990 1208 est
1009 1182 1048 1196 -
1066 1179 1105 1192 -
1117 1151 1201 1226 '‘-¹)

97 1229 263 1310 Pippinum
286 1231 408 1290 nothum
433 1234 585 1312 praecepit
611 1234 721 1317 eligere
745 1234 817 1313 sibi,
853 1241 1002 1317 quomodo
1035 1241 1125 1304 vitam
1149 1243 1201 1306 de·

98 1341 175 1400 gere
193 1323 341 1385 voluisset.
386 1323 448 1398 Qui
479 1326 603 1405 optione
628 1319 785 1404 concessa,
808 1331 920 1410 optavit
945 1331 1042 1394 locum
1067 1334 1097 1392 in
1125 1354 1200 1414 quo·
1292 1366 1293 1378 κ

100 1414 171 1474 dam
202 1417 380 1476 monasterio
407 1429 478 1479 tuuc
507 1418 705 1497 nobilissimo,
729 1443 808 1484 nunc
834 1435 946 1499 autem,
972 1443 1033 1485 non
1058 1425 1201 1486 incertum

98 1505 138 1566 de
159 1528 216 1586 qua
235 1529 329 1586 causa,
350 1510 498 1572 destructo
509 1514 551 1590 ²).

551 1761 749 1773 ——n—-uu-

1046 1975 1051 2010 l

254 2195 258 2203 ι
303 2121 378 2178 me
395 1999 711 2192 venenariis-'iffi
729 2127 800 2183 deo
815 2125 1000 2184 llordrud

254 2225 320 2276 nacla
338 2227 389 2276 den
408 2225 528 2276 Annalen
546 2225 590 2280 (les
609 2226 722 2280 Klosters
741 2230 785 2282 des
802 2228 869 2282 lleil.
885 2229 1052 2298 Nazarius³).

123 2428 126 2436 Ι
162 2358 329 2438 Thuringbi
348 2371 443 2419 autem
465 2359 617 2420 consilium
633 2361 778 2437 lecerunt,
797 2372 830 2421 ut
844 2360 985 2422 Carolum
998 2379 1098 2439 regem
1108 2361 1201 2419 Fran-

104 2469 208 2508 corum
234 2451 303 2509 dolo
327 2462 465 2510 tenerent
490 2465 520 2511 et
540 2453 724 2530 occiderent3
751 2454 775 2514 si
801 2474 873 2535 ergo
898 2453 957 2512 hoc
983 2450 1092 2512 scelum
1115 2458 1203 2532 atque

102 2540 343 2602 nefandissimum
363 2544 473 2604 crimen
493 2557 664 2624 perpetrare
685 2568 746 2607 non
765 2547 932 2622 valuissent,
952 2541 1054 2604 saltem
1074 2544 1131 2604 boc
1151 2565 1203 2604 cu-

103 2634 226 2713 piebant
246 2637 435 2712 constituere,
454 2649 567 2698 utnon
588 2639 615 2699 ei
635 2637 812 2714 obedissent,
832 2658 929 2718 neque
951 2635 1204 2715 obtemperassent
1291 2661 1293 2671 ’

105 2727 187 2786 iussis
207 2727 277 2788 eius.
323 2729 416 2804 Quod
440 2751 565 2810 nequam
586 2731 740 2791 consilium
763 2733 828 2814 regi
846 2731 937 2791 multa
956 2741 1090 2808 tempora
1109 2729 1203 2788 latere

107 2839 291 2898 nequaquam
309 2821 423 2900 potuit.¹
460 2822 514 2882 Ille
535 2823 629 2899 euim,
655 2845 693 2884 eo
718 2826 799 2904 quod
825 2835 888 2886 erat
907 2823 1035 2904 prudens
1055 2841 1089 2882 ac
1114 2821 1204 2908 mitis,

107 2911 191 2972 valde
210 2913 419 2992 pan‘entissime
438 2915 496 2974 boc
516 2916 699 2994 deportabat.
730 2919 826 2999 Igitur
834 2917 986 2978 transactis
1005 2915 1108 2996 aliquis
1127 2926 1203 2974 tem-

107 3005 245 3083 poribus,
269 3005 428 3065 transmisit
451 3008 508 3066 iam
532 3005 681 3087 praelatus
705 3031 755 3069 rex
774 3010 902 3090 legatum
921 3031 1003 3067 suum
1023 3007 1061 3066 ad
1079 3008 1204 3086 aliquem
1283 3051 1285 3056 -

109 3098 145 3156 de
164 3097 221 3158 illis
240 3098 421 3180 Thuringhis
441 3110 565 3179 propter
584 3099 672 3160 liliam
697 3121 794 3176 suam,
823 3120 959 3181 sponsam
985 3098 1097 3160 scilicet
1121 3099 1205 3159 unius

107 3190 228 3266 Franci,
253 3212 338 3270 quam
363 3194 522 3252 secundum
546 3193 641 3274 legem
668 3193 850 3255 Francorum
878 3202 1046 3271 sponsatam
1070 3188 1206 3251 hahuisse

108 3283 353 3364 cognoscebatur,
371 3297 404 3344 ut
421 3296 557 3364 tempore
576 3287 675 3347 statuti
700 3287 728 3346 ei
754 3285 934 3345 reddedisset
947 3316 949 3320 .
960 3301 1096 3360 sponsam
1115 3301 1204 3342 suam.

108 3375 163 3435 llle
183 3375 263 3435 enim
280 3376 494 3455 parvipendens
514 3379 588 3438 iussa
607 3378 695 3458 regis,
714 3397 776 3436 non
795 3385 910 3436 tantum
937 3373 1099 3452 spopondit
1117 3393 1148 3434 se
1168 3373 1204 3432 il-

107 3468 165 3528 lam
184 3468 319 3544 reddere,
338 3469 389 3529 sed
410 3469 498 3528 etiam
516 3469 637 3549 insuper
655 3469 850 3552 congregavit
867 3477 945 3548 pene
960 3465 1109 3526 universos
1121 3465 1205 3524 Thu-

108 3562 209 3644 ringos
236 3563 442 3644 proximosque
470 3582 552 3638 suos,
583 3573 613 3622 et
636 3562 795 3626 voluerunt
819 3581 850 3624 sa
883 3560 1104 3649 defenderepde
1131 3577 1203 3640 rege

106 3717 306 3732 m

150 3816 170 3866 Ι)
184 3816 216 3860 llo
228 3816 292 3874 solgt
303 3815 342 3860 die
355 3815 492 3860 Gesohiclate
505 3815 570 3860 einer
587 3815 742 3876 angebliolaerr
762 3813 871 3872 epistaten
887 3812 1087 3874 Vemhwllrung‚
1103 3810 1142 3854 dle
1156 3807 1205 3852 ticli

111 3882 154 3926 mit
167 3881 210 3926 der
220 3883 272 3926 leit
288 3882 351 3925 nicht
363 3883 388 3925 in
400 3881 642 3943 Uebereinatiriamung
654 3883 752 3942 bringen
766 3879 823 3924 uus
836 3882 883 3926 and
896 3879 969 3926 deren
980 3877 1131 3941 sagenhstter
1143 3874 1205 3917 cbe-

109 3949 190 3991 ralter
203 3951 230 3997 (s.
245 3947 283 3991 die
295 3949 438 4007 Einleitung)
452 3947 515 3992 nieht
530 3961 560 3990 zu
572 3949 707 3992 verkennen
721 3949 760 3992 ist.
1250 3976 1252 3984 ,

149 4013 171 4065 ἱ)
186 4013 233 4056 Des
251 4013 347 4058 Kloster
363 4015 449 4070 Prtlm,
472 4013 572 4058 welches
592 4013 625 4058 im
643 4016 716 4058 Jabre
735 4017 779 4059 882
803 4027 849 4058 von
868 4013 914 4059 den
934 4013 1084 4057 Noenum
1107 4007 1206 4051 temllrt

109 4079 198 4124 warde.
225 4078 343 4124 &diaron
360 4078 486 4134 Reginom's
502 4094 524 4128 a.
539 4083 592 4136 882,
606 4095 632 4136 p.
649 4083 699 4129 t92.
712 4079 811 4124 Portu.
825 4079 846 4124 l.

145 4147 169 4196 θ)
182 4143 272 4190 Amal.
285 4144 424 4200 Numani,
441 4144 504 4190 Gom.
523 4161 547 4191 a.
562 4150 606 4190 too
619 4150 692 4202 (785),
706 4146 797 4190 Portas
808 4145 835 4201 l,
847 4159 873 4204 p.
889 4149 917 4192 41
931 4158 967 4200 tq·
985 4143 1040 4193 {Du
1054 4138 1150 4182 [ΝΜ
1165 4137 1207 4182 ‘¹0¹

109 4213 141 4259 ll.
155 4213 270 4256 Notarius
282 4212 313 4256 ist
323 4213 474 4257 bauresbeinr
490 4214 518 4266 (a.
533 4211 566 4256 M
569 4210 633 4254 aaut
638 4211 648 4254 l
653 4227 689 4256 on
694 4243 702 4269 ,
722 4211 808 4260 Amal.
823 4211 910 4255 limod-
925 4202 1161 4261 xxtv,u,v01.11,
1179 4217 1205 4260 p.

110 4284 174 4332 20⁸).
204 4281 255 4323 Der
267 4280 341 4324 Naana
353 4279 397 4323 der
408 4279 514 4322 Annalen
525 4277 612 4322 bernht
625 4281 683 4324 aber
694 4281 740 4324 aut*
748 4279 812 4324 siner
824 4273 1021 4331 Verweeluelung
1030 4272 1071 4315 tle·
1086 4268 1111 4316 Β.
1123 4263 1206 4313 Nau·

109 4347 156 4389 rto
168 4345 210 4390 mit
228 4346 281 4391 dem
299 4345 325 4391 8.
343 4346 469 4390 ouwoetur.
490 4344 558 4400 (Anu.
579 4357 601 4390 e.
622 4347 684 4399 786).
710 4345 750 4390 Sia
767 4344 818 4390 sind
839 4342 871 4386 im
888 4341 982 4384 muner
996 4351 1025 4384 an
1037 4338 1072 4384 st.
1089 4337 1154 4384 (latr
1165 4346 1207 4393 ga-

108 4413 238 4460 aubrieben.
