2908 5094
772 425 869 542 tre
970 399 973 406 “

267 588 450 648 decerneret
500 582 605 658 Quare
626 580 685 665 usj
704 580 854 662 ¹emplerti
885 563 998 644 debe'tit
1025 575 1196 640 immensam
1219 577 1377 656 pietatem,

250 680 320 762 „qui
337 696 462 740 vosssue
482 675 588 760 dignm
605 673 779 754 iudicaverit
802 672 1006 746 correctione,
1035 684 1123 750 quem
1142 669 1290 732 offensam
1307 691 1379 732 me·

265 785 351 834 tuere
369 767 539 852 discipliane
559 767 635 842 illius
654 767 778 828 verbere
796 763 981 831 sustinentes.
1012 761 1086 838 Fili,
1105 762 1377 844 iuquitSelomon,

262 848 328 928 'stols'
341 861 467 944 deficere
484 884 504 922 a
523 859 677 937 disciplicere
695 859 834 934 Deretini,
865 872 892 919 et
914 879 951 918 sse
966 858 1112 946 fatigetis
1129 877 1195 922 oues
1212 854 1251 916 ob
1269 877 1302 918 so
1321 879 1378 918 ee·-

255 962 373 1038 gueris.
415 957 506 1041 Qttent
524 957 600 1016 enim
617 953 763 1014 Dominus
782 951 893 1027 detege,
920 953 1056 1028 resipit,
1083 941 1114 1012 ”et
1131 951 1216 1031 pue-tf
1234 963 1322 1026 partes·
1341 953 1377 1010 ivs

202 1067 210 1086 ¹
257 1054 330 1136 fite
348 1049 505 1126 complacet
522 1045 584 1110 ridi.
624 1045 764 1124 Denique
791 1063 916 1124 quorum
941 1043 1005 1106 istis
1030 1055 1152 1124 peccata
1176 1063 1240 1104 non
1258 1043 1375 1115 visitat,

267 1163 400 1228 querque
420 1142 529 1202 florere
548 1160 604 1220 pro
624 1149 696 1204 voto
716 1137 870 1216 permittit,
890 1136 922 1196 in
942 1136 996 1196 bos
1007 1147 1221 1216 postmortem,
1241 1137 1375 1198 eiusdem

266 1241 314 1300 ire*
322 1234 458 1298 desaevit
488 1231 537 1292 De
553 1230 662 1294 talibus
682 1231 713 1290 in
733 1229 873 1310 psalterio
894 1229 1032 1312 legimus:
1051 1229 1092 1290 Io
1109 1229 1209 1292 fedore
1225 1227 1376 1292 lentim

260 1353 325 1394 erese
343 1342 419 1404 senet,
439 1341 466 1388 et
484 1321 726 1388 euet‘ftomisridsse
743 1322 1055 1404 nbttfleeessabm.
1093 1323 1134 1384 Et
1152 1323 1184 1386 in
1204 1324 1278 1386 Iob:
1301 1324 1374 1384 Drs-

262 1436 332 1488 esmt
359 1425 392 1482 ist
420 1419 502 1488 bostis
531 1417 592 1478 dies
618 1437 702 1494 suos,
733 1431 759 1478 et
777 1421 819 1480 ,ies
838 1429 955 1492 spuere
978 1415 1022 1478 od
1043 1416 1167 1498 inferes
1189 1415 1372 1478 dmm.

264 1518 422 1578 Praeterea
441 1513 500 1574 hoe
519 1511 592 1574 mibi
610 1510 728 1572 subiicit
746 1529 839 1585 mens,
857 1509 984 1572 voluisse
1003 1509 1101 1572 Deum
1121 1510 1209 1582 rebus
1228 1511 1298 1591 ipsjs
1317 1532 1373 1577 vos

126 1667 134 1684 ,
261 1607 390 1692 experiri
415 1626 501 1685 quam
525 1605 564 1666 sit
587 1603 689 1666 infelix
715 1603 766 1683 qui
790 1603 821 1662 in
844 1615 1020 1683 perpetuum
1041 1602 1217 1686 abiungstur
1236 1603 1272 1664 ab
1292 1605 1372 1684 ipso,

167 1717 169 1724 ⁴
262 1705 295 1765 in
315 1722 376 1784 quo
396 1709 441 1760 est
459 1708 601 1779 perpetua
622 1709 652 1758 st
672 1717 739 1758 vera
760 1695 934 1784 delectatio,
953 1696 977 1756 si
996 1706 1055 1758 tem
1075 1696 1242 1758 immaniter
1261 1696 1372 1758 afficiet
1448 1741 1449 1774 ,

260 1800 334 1862 licet
353 1791 483 1858 fidissimi
503 1802 590 1871 atque
610 1789 765 1866 carissimi,
788 1801 887 1850 umen
911 1787 1038 1850 bominis
1056 1799 1263 1850 momentanea
1282 1810 1368 1870 sepa·

262 1891 349 1952 ratio.
400 1887 476 1950 Com
507 1884 579 1944 beec
603 1882 769 1945 verisimilia
794 1902 856 1943 esse
885 1882 1053 1952 messurus,
1084 1880 1223 1958 abolete,
1249 1903 1371 1962 quaeso,

192 1967 195 1974 ¹
263 1995 405 2064 quantum
424 1976 559 2059 potestis,
578 1975 615 2036 de
636 1995 695 2054 quo
716 1997 813 2038 scrmo
833 1975 968 2052 babetur,
987 1993 1164 2046 moerorem
1184 1987 1214 2036 et
1234 1975 1368 2038 cumlob

261 2075 368 2135 dicite:
398 2071 545 2132 nonem
563 2066 656 2144 dede,
685 2068 831 2130 Dom'utess
849 2067 981 2130 abstulit:
1008 2071 1082 2129 siout
1099 2067 1230 2130 Deme
1240 2069 1369 2145 etseras,

261 2171 305 2228 ito
315 2167 450 2249 factum
479 2166 517 2224 sit
534 2181 639 2224 semen
657 2161 780 2224 Deretini
797 2160 980 2224 emmaum
1015 2163 1058 2222 Et
1077 2183 1143 2224 cnm
1162 2163 1311 2243 Apostolo
1338 2163 1369 2222 iu

262 2261 322 2321 Dei
341 2255 508 2343 spatiamini
528 2254 673 2330 laudibus,
693 2256 838 2316 dicentes:
856 2253 1031 2316 Beedtem
1048 2253 1133 2316 Deus
1149 2270 1175 2315 et
1191 2255 1281 2316 Peter·
1299 2255 1370 2318 Do-

260 2356 334 2415 sent
352 2354 445 2412 nostri
462 2349 539 2410 Jesss
566 2345 687 2423 dtrbe,
716 2353 807 2410 Peter·
829 2346 1108 2428 domiminum,
1138 2363 1165 2408 et
1181 2347 1266 2410 Deus
1282 2353 1371 2410 soem

155 2447 156 2452 ’
261 2445 476 2517 emenone,
496 2441 729 2522 petenensem
747 2463 801 2502 nos
818 2445 850 2502 ies
869 2445 947 2502 ossei
963 2441 1146 2504 tsibdntioee
1163 2456 1273 2507 nostem
1305 2442 1367 2504 Re-

260 2537 320 2604 'sta't
335 2558 404 2618 pars
429 2533 521 2595 altera
546 2533 672 2614 suscepti
698 2535 826 2617 negotii:
858 2555 932 2614 quae
956 2536 1131 2618 stringendo
1158 2535 1289 2598 breviter
1313 2545 1368 2610 est,

180 2633 186 2654 ¹
260 2653 301 2696 ne
319 2631 399 2692 forte
418 2627 503 2709 pluro
523 2626 704 2701 dioesesim
725 2630 820 2705 oneri,
840 2649 916 2708 quse
935 2629 1058 2710 gestiam
1069 2649 1131 2690 esse
1141 2628 1258 2690 solatio.
1287 2627 1367 2688 Hinc
1447 2643 1448 2714 p

261 2723 427 2798 instaurari,
442 2721 536 2780 immo
556 2740 743 2798 perseverare
764 2721 876 2786 doloris
895 2724 1000 2784 vulnus
1018 2724 1190 2798 asseruistis,
1210 2722 1291 2801 qued
1310 2723 1367 2784 du-

260 2811 385 2897 plicatus
406 2811 538 2892 quotidie
558 2811 758 2891 dispositionis
778 2814 866 2876 labor
885 2817 954 2896 quid
974 2815 1047 2876 boni
1067 2815 1367 2897 perdideritisadmo-

260 2920 342 2984 neat,
362 2911 403 2968 ac‘
415 2915 574 2986 propterea
594 2925 649 2966 nec
667 2905 748 2984 finiri
769 2929 855 2990 posse
875 2909 1018 2972 videatur.
1047 2910 1082 2969 Id
1103 2929 1165 2968 esse
1185 2908 1365 2970 verissimum

260 2997 552 3083 lpseconcesserim
579 2997 709 3080 illudque
736 3002 816 3081 quod
839 3003 921 3064 inter
939 3002 994 3062 alia
1014 3002 1165 3082 posuistis,
1194 3022 1259 3064 non
1277 3021 1367 3084 posse

261 3093 488 3176 provoluntate
508 3092 657 3153 bominem
677 3095 775 3156 dolori
794 3095 883 3156 finem
903 3097 1074 3176 imponere,
1095 3111 1257 3174 qucm'ncc
1277 3111 1365 3175 prae-

260 3188 349 3263 sciat,
380 3193 436 3245 nec
465 3184 666 3244 imminentem
697 3198 787 3264 quest
816 3188 966 3270 effugere,
993 3188 1185 3249 vehementer
1215 3187 1365 3269 approbo,

259 3281 386 3358 satisque
413 3278 557 3340 catholice
582 3277 692 3338 dictum
718 3278 845 3340 intueor.
892 3279 962 3341 Non
989 3293 1033 3344 est
1058 3281 1190 3342 enimin
1217 3291 1365 3360 potestate
1447 3295 1448 3334 1

260 3372 414 3432 hominum
439 3373 486 3432 vis
512 3372 589 3446 eius,
619 3371 671 3432 sed
691 3392 706 3432 a
726 3357 859 3435 Domino
880 3394 994 3457 gressus
1014 3375 1166 3436 bominum
1185 3375 1366 3458 diriguntur,
1447 3359 1448 3409 l

260 3475 293 3523 et
316 3461 435 3524 humani
460 3463 578 3524 libertas
605 3465 719 3524 arbitrii
746 3479 816 3548 eget
842 3470 1012 3531 omnimodo
1033 3468 1138 3528 auxilio
1159 3468 1271 3551 gretiam
1291 3469 1365 3542 Dei3

260 3555 312 3616 'sed
331 3555 419 3636 plene
440 3555 609 3634 quaefacta
629 3565 722 3630 sunt,¹
742 3558 852 3620 infecta
873 3581 934 3622 esse
954 3583 1016 3623 non
1036 3574 1174 3641 possunt,
1198 3583 1255 3624 nec
1275 3563 1365 3624 dolor

257 3669 400 3710 revocare
419 3649 498 3710 valet
515 3649 605 3710 semel
625 3651 794 3732 praeterita,
813 3673 869 3713 nec
889 3663 933 3714 est
951 3654 982 3714 iu
995 3655 1116 3718 bomine
1136 3657 1245 3716 undce
1264 3656 1364 3735 seipso

258 3754 342 3822 petat
360 3743 504 3802 auxilium.
562 3742 712 3820 Quocirca
733 3745 907 3826 deprehensi
928 3747 1106 3826 quibuslibet
1124 3749 1281 3829 angirstiis,
1295 3755 1363 3828 'quo

255 3835 355 3896 sertus
371 3839 429 3895 nos
446 3837 588 3896 sentimus
608 3836 788 3918 fragiliores,
818 3840 875 3900 boc
900 3851 1020 3919 oportet
1044 3840 1225 3902 celeriusat
1246 3842 1364 3905 divitiae

219 3947 223 3958 ‘
253 3926 638 4007 miserationis'subsidium,
657 3931 794 3992 velut-ed
814 3944 932 4012 portum
944 3933 1127 4009 tutissimum,
1146 3935 1364 4018 confugiamus.

253 4021 479 4102 Elegentcrque'
500 4021 573 4084 illud
597 4023 706 4084 dictum
732 4036 788 4084 est:
820 4025 944 4086 Necesse
965 4040 1007 4085 eet
1024 4025 1125 4088 edesse
1140 4025 1286 4106 divinum,
1312 4027 1365 4090 eslf

253 4109 410 4176 borretum
426 4129 519 4174 cessat
536 4115 691 4175 amedee.
728 4118 792 4178 Nec
812 4117 935 4200 longus,
955 4118 1114 4180 dummodo
1135 4141 1294 4196 conemur,
1314 4133 1362 4180 te·
1446 4145 1447 4202 g

252 4210 362 4267 tendes
379 4218 426 4267 est
444 4206 651 4274 tabee-,Nam
671 4209 721 4287 qni
746 4211 783 4270 ad
806 4233 839 4272 se
862 4212 920 4272 boc
943 4214 1034 4274 modo
1058 4225 1159 4290 voest,
1195 4213 1302 4274 Venite
1319 4213 1365 4274 ad
1446 4251 1447 4306 p

252 4299 366 4378 riteque*
383 4297 540 4371 dalmatis,
570 4296 696 4360 nitentes
716 4303 910 4382 effiumt,·ad
929 4325 959 4365 se
979 4307 1185 4385 pervenientes
1204 4307 1362 4383 informat,

121 4401 125 4408 “
251 4391 356 4465 s'n;.ee:
373 4401 578 4470 permanentes
600 4393 814 4476 proculdubio
844 4409 977 4460 coronat.
1016 4399 1118 4474 Quere
1144 4401 1225 4478 quod
1250 4399 1363 4462 enims

254 4495 446 4544 memoratum
468 4483 617 4558 dbl'orem,
644 4488 741 4564 quoad
766 4487 918 4566 viveretis,
936 4511 1102 4554 mensurum
1123 4493 1286 4570 vobiscum,
1308 4513 1360 4552 ex-
