2900 5086
789 439 878 514 970

157 637 163 656 x
286 611 379 676 Verre
404 605 479 670 habe
504 605 551 670 iclr
575 604 676 670 cecidit
699 603 896 689 gercluieben
920 614 991 668 rtatt
1012 607 1128 682 m,
1156 605 1288 668 welches
1316 606 1397 669 auch

285 705 335 774 hei
344 699 539 782 limonarii,
558 698 654 762 Clota
665 699 716 760 (les
726 699 755 764 ,Τ
757 697 952 775 roubatours,
969 698 1081 774 vol.11‚
1092 721 1123 780 p.
1136 696 1286 776 CXXXV,
1300 701 1397 760 steht.

285 799 356 862 illan
376 795 485 858 eraieht
503 793 618 854 hieraue
638 791 776 868 deutlich,
796 791 858 852 dala
878 791 926 852 die
944 791 1128 856 romanisclue
1141 790 1273 872 Spraclre
1292 793 1398 855 achon

286 888 394 952 damula
418 887 483 950 ilrre
507 885 633 949 Dichter
658 885 748 946 hatte.
786 884 895 944 Weun
919 883 981 952 aleo
1005 885 1046 946 im
1072 884 1174 948 Codex
1196 884 1397 948 Lauresham.

287 983 400 1044 Chron.
420 990 451 1040 et
470 977 570 1040 Chart.
590 998 635 1040 nr.
654 977 719 1053 ΙΙΙ,
737 975 806 1038 Vol.
826 975 857 1054 1,
881 997 912 1058 p.
930 983 951 1042 9
969 988 1074 1060 gesagt
1091 977 1167 1040 wird
1185 977 1249 1058 (die
1268 979 1397 1040 Worte

158 1067 171 1146 f
263 1065 387 1138 ‘seiten
407 1071 457 1132 bei
475 1069 618 1150 Frcher>r

326 1164 443 1245 Siquis
468 1163 499 1223 in
526 1152 579 1226 luae
607 1163 829 1246 privilegiorum
851 1163 1079 1244 transcriptione
1103 1163 1303 1226 barbarismos
1328 1164 1396 1226 aive

324 1257 493 1322 solecismos
514 1256 615 1340 legens
634 1256 876 1336 reprehenderit,
905 1277 968 1318 uon
991 1255 1078 1317 nobie
1097 1257 1236 1339 imputet,
1264 1259 1321 1319 sed
1339 1278 1394 1318 re-

299 1369 444 1414 'currena
469 1349 506 1410 ad
530 1349 684 1432 originalia
704 1348 800 1412 inulto
827 1349 912 1432 plura
935 1350 968 1410 in
992 1348 1034 1410 eie
1058 1349 1218 1412 verborum
1247 1351 1393 1412 duntaxat

323 1445 404 1519 vitia,
423 1463 486 1505 non
503 1463 639 1504 sensuum
653 1442 793 1522 reperiet,
813 1464 887 1524 quae
900 1461 955 1506 noa
969 1441 1069 1504 omnia
1084 1443 1233 1525 corrigere
1251 1465 1310 1524 pro
1325 1444 1392 1524 ipsa

284 1583 288 1592 .
324 1537 504 1617 antiquitatis
523 1535 687 1598 reverentia
706 1555 762 1598 uec
782 1536 934 1611 nolumus,
964 1555 1021 1596 nec
1045 1535 1194 1598 debemus.
1228 1538 1268 1600 Id
1287 1549 1391 1598 utrum

283 1653 363 1718 ¹...rra
383 1629 567 1692 notariorum
592 1627 736 1707 imperitia
759 1628 948 1716 promuerit,
976 1639 1027 1689 aut
1047 1627 1267 1692 scribendarum
1287 1630 1391 1712 legum

299 1723 391 1787 ,talio
414 1735 485 1784 tunc
510 1721 634 1790 calamna
659 1731 689 1782 et
719 1741 785 1782 naue
816 1720 972 1798 exstiterit,
1001 1733 1051 1784 aut
1081 1733 1179 1784 certae
1204 1723 1390 1786 Francorum

260 1833 264 1846 ¹
324 1818 454 1899 linguae,
474 1835 548 1896 quae
563 1825 624 1874 tum
639 1814 762 1876 maxime
776 1815 880 1898 riguit,
899 1813 1065 1880 huiuamodi
1082 1815 1172 1876 inerit
1183 1816 1304 1892 idioma,
1321 1837 1388 1878 non

323 1911 392 1978 ratis
406 1909 534 1970 'constat
572 1907 764 1968 Adtestantur
787 1906 1032 1984 mosaicorum,
1055 1908 1324 1991 Ribuariorumque
1341 1911 1388 1970 le-

324 2025 392 2088 ges,
416 2023 491 2082 quae
510 2003 550 2062 ita
570 2021 604 2062 ex
622 1999 745 2077 Latino,
770 1999 998 2081 Teutonicoque
1018 2012 1051 2064 et
1068 2001 1241 2082 quibusdam
1261 2004 1388 2066 insolitis

324 2095 487 2179 permixtae
506 2105 588 2169 runt,
614 2106 645 2154 et
664 2093 843 2162 dictionibus
861 2093 1019 2171 intercisis,
1043 2095 1104 2158 aire
1122 2095 1282 2172 intricatia,
1309 2097 1387 2158 caai-

325 2191 438 2269 burque
465 2183 665 2249 amfractuoeie
690 2187 737 2248 vel
757 2187 984 2270 praeposteratis
1004 2189 1185 2270 deacriptae‚
1216 2202 1250 2252 ut
1266 2203 1389 2252 nostrae

324 2282 362 2348 al)
388 2279 524 2357 studiosis
550 2300 648 2342 earum
667 2281 729 2364 legi
750 2280 922 2360 dianamque
946 2280 1070 2344 valeant.
1109 2282 1169 2344 Sed
1181 2305 1244 2348 ,noe
1261 2284 1387 2361 utinam,

326 2373 687 2460 quipolitiorealoqueudi
698 2394 825 2434 amamur
835 2373 1000 2450 munditiae,
1010 2386 1070 2436 tam
1081 2378 1197 2440 ornatui
1205 2379 1386 2440 studeremus

197 2463 198 2470 '
245 2527 249 2536 ,
323 2489 440 2532 morum
460 2489 546 2548 quam
564 2467 734 2544 verborum,
753 2477 793 2542 et,
811 2475 845 2526 ut
863 2466 904 2528 ait
922 2467 1100 2545 Macrobim,
1119 2469 1279 2534 viveremus
1297 2492 1385 2552 pree-

323 2564 419 2628 teritia
437 2559 568 2622 moribus
588 2571 620 2622 et
637 2559 839 2640 praesentibus
857 2560 955 2622 uerbis
974 2561 1171 2641 loqueremur.
1189 2599 1229 2614 -·
1246 2605 1285 2620 .-
1303 2609 1342 2624 .-

286 2680 320 2724 ro
342 2653 430 2720 heilst
449 2675 480 2718 es
507 2656 643 2738 dagegen
665 2653 720 2716 urit
736 2653 833 2716 Recht
857 2652 907 2714 bei
926 2651 1038 2733 nme,
1066 2657 1193 2738 Metrop.
1213 2659 1385 2746 Salieburg.‚

286 2753 463 2904 quncffia
482 2849 546 2898 acta
566 2849 597 2897 et
616 2839 735 2898 decreta
753 2834 901 2900 hactenus.
941 2838 1027 2916 Quae
1053 2846 1234 2922 quartumvir
1252 2847 1334 2909 rutlia
1352 2861 1387 2910 et

295 2953 299 2959 ’
324 2932 474 3016 plerisque
499 2929 573 2992 locia
593 2930 719 2992 obscura
737 2950 794 2992 nec
813 2929 901 2992 nobie
919 2932 987 2994 retia
1006 2933 1172 3013 intellecta,
1201 2950 1296 3000 tamen
1314 2963 1386 3002 nru-

324 3026 381 3092 tari
406 3023 514 3108 religio
539 3020 706 3106 prohibuit,
736 3044 775 3086 ue
794 3023 968 3106 antiquitate
992 3031 1167 3092 consecratio
1185 3053 1283 3094 manue
1301 3047 1386 3096 attu-
1438 3059 1439 3068 ¹

312 3120 391 3184 «liare
418 3139 617 3181 censeremur:
652 3117 703 3198 qui
728 3117 807 3178 enim
836 3118 894 3180 hoc
919 3139 1012 3202 genua
1037 3137 1227 3218 monumenta
1250 3129 1328 3192 anari
1353 3142 1386 3191 et
1438 3171 1439 3174 =

323 3214 431 3276 Latino
451 3231 586 3276 sermone
605 3210 794 3290 interpretari
811 3211 957 3287 maluere,
988 3233 1039 3292 eoa
1058 3217 1152 3278 multo
1171 3217 1274 3282 labore
1293 3243 1386 3302 quae-
1438 3215 1439 3224 ’

285 3349 288 3356 -
323 3309 408 3370 eitam
428 3306 609 3368 eruditorum
629 3303 773 3366 lectorum
792 3303 933 3388 gratiam,
964 3325 1026 3368 nou
1050 3308 1179 3372 tenuiore
1201 3313 1385 3378 animadver-
1438 3305 1439 3324 ³

285 3441 288 3449 .
323 3400 427 3506 timue,
458 3399 539 3550 quod
562 3399 621 3460 albi
646 3398 770 3480 quilque
794 3397 851 3480 ipsi
877 3397 1015 3479 credere,
1040 3423 1126 3484 quam
1152 3403 1278 3470 alienam
1297 3409 1384 3472 iidem

325 3511 408 3572 aeque
424 3501 517 3567 mart.
