2960 5094
591 421 649 492 28
736 443 741 458 ¹

74 594 119 644 ter
138 582 287 646 universos
307 579 457 660 lieges'et
474 576 632 655 Potentes,
662 575 866 660 atqn'e'ips‘am
885 592 1013 643 sanctam
1030 580 1090 643 Dei
1107 581 1166 642 Ec·

74 675 186 736 clesiam
205 686 236 733 et
257 673 317 733 eius
336 670 480 751 populum
498 682 552 730 tuo
572 671 746 734 adminiculo
767 683 918 755 ereptum,
936 674 1061 736 Divinae
1074 674 1167 735 Maie-

74 769 153 844 stati,
185 767 298 846 absque
314 765 373 824 ulla
392 763 529 825 laesionis
548 762 684 840 saevitia,
706 766 829 838 ollerre3
859 778 891 828 et
904 777 980 826 tunc
1000 747 1168 848 centuplum

73 859 315 921 remunerationis
336 856 373 916 ab
387 856 500 916 codem
519 855 650 916 Domino
666 857 731 918 Deo
751 872 865 936 nostro,
881 861 960 920 iusto
973 859 1080 936 iudice,
1099 880 1168 940 per·

73 949 186 1032 cipe're,
212 963 243 1012 et
261 951 352 1011 vitam
372 960 520 1009 aeternam
539 935 692 1028 possidere
716 953 861 1012 merearis.
906 951 1041 1022 Coniuro
1062 962 1108 1025 te,
1127 950 1169 1010 fili

72 1019 324 1121 excellentissim,
342 1037 396 1123 per
417 1042 653 1122 omnipotentem
661 1042 771 1116 Deum,
791 1056 820 1102 et
838 1045 1078 1126 eiusprincipem
1084 1044 1169 1152 Apo.-

70 1139 216 1199 stolorum
235 1137 271 1195 B,
291 1137 427 1210 Petrum,
456 1147 490 1194 nt
511 1135 643 1216 benigno
669 1135 779 1194 intuitu
804 1147 835 1194 et
857 1136 1050 1199 libentissimo
1070 1136 1168 1196 anime

73 1243 188 1291 nostras
211 1249 315 1310 preces
339 1225 438 1288 rodim
461 1226 575 1301 iubeas3
604 1237 637 1286 ut
660 1223 743 1286 D'eus
766 1227 821 1286 tibi
847 1227 1067 1322 omnipotens'
1057 1249 1090 1288 ιιι
1114 1227 1170 1304 his,

72 1343 147 1403 quae
168 1324 230 1382 eins
249 1315 411 1402 potentiam
426 1320 603 1400 deprecatus
623 1319 723 1394 lucris,
742 1339 811 1380 suae
831 1318 1007 1382 Ditinitatis
1002 1341 1102 1382 aures
1121 1320 1169 1378 in

71 1417 173 1506 clinet,
194 1415 383 1478 strictorem
401 1425 432 1474 te
452 1433 541 1510 snper
560 1433 662 1473 omnes
673 1412 810 1476 barbaras
822 1412 958 1472 nationes
968 1411 1064 1473 factat
1095 1412 1170 1472 Om-

72 1529 122 1568 nes
148 1510 229 1568 enim
255 1507 377 1568 omnino
405 1505 525 1587 gentes,
555 1525 640 1585 quae
657 1525 746 1586 super
770 1506 875 1566 faciem
900 1503 1053 1567 universae
1074 1516 1172 1566 terrae

72 1601 244 1677 consistunt,
264 1611 447 1680 compertum
466 1598 577 1671 habent
595 1610 684 1661 tuum·
697 1610 855 1674 certamen,
875 1598 956 1677 quod
975 1597 1012 1656 ad
1023 1596 1172 1658 defensio·
1251 1667 1253 1675 s

71 1715 137 1754 nem
159 1694 286 1756 Sanctae
304 1694 364 1754 Dei
383 1691 534 1753 Ecclesiae
554 1691 726 1768 adhibuisti,
746 1704 776 1751 et
794 1711 934 1774 magnum
950 1701 983 1750 te
1003 1709 1037 1750 ac
1054 1687 1173 1774 praeci·¹
1198 1751 1201 1757 ,

72 1805 159 1864 puum
180 1806 283 1868 regem
303 1785 491 1846 laudabiliter
510 1779 650 1845 asserunt.
690 1784 751 1845 Sed
776 1796 806 1844 et
826 1804 881 1845 nos
899 1783 1010 1848 bonam
1027 1793 1108 1841 tuam
1127 1781 1184 1862 saa-¹

71 1899 145 1937 mam
170 1879 263 1960 longe
288 1879 405 1958 lateque
430 1877 579 1958 protelare
605 1889 693 1956 atque
719 1877 840 1938 dilatare
864 1897 928 1938 non
954 1875 1116 1936 desistimus
1138 1875 1173 1936 in

72 1989 106 2029 eo
128 1972 212 2048 quod
231 1981 327 2043 certe,
351 1983 420 2049 post
437 1972 550 2046 Deum,
575 1971 651 2030 sicut
668 1991 782 2031 murum
800 1967 1075 2051 inexpugnabilem,
1093 1979 1173 2028 uram

71 2061 272 2122 durissimam.
284 2061 372 2118 iidem
390 2061 423 2116 in
441 2073 544 2121 nostro
564 2073 686 2140 pectore
706 2064 900 2148 conferimus,
924 2082 1061 2144 magnam
1080 2061 1112 2120 in
1131 2072 1173 2136 te,

72 2167 138 2232 post
154 2151 216 2213 Dei
236 2151 424 2232 praesidium,
444 2151 627 2230 possidentes
646 2157 709 2232 spei
727 2155 876 2228 fiduciam
896 2155 977 2234 quod
995 2166 1025 2215 et
1042 2155 1173 2234 plerum·-

24 2303 26 2310 ,
73 2267 128 2326 que
143 2245 190 2307 ob
210 2255 279 2304 tuae
298 2243 499 2303 immaculatae
518 2243 722 2322 promissionis
741 2245 865 2324 fideique
874 2247 1010 2307 meritum
1022 2246 1174 2310 consecuti

71 2359 179 2398 sumus.
208 2337 326 2397 Etenim
344 2355 528 2418 magnopere
548 2336 720 2416 praesentes
738 2349 856 2398 nostros
871 2339 986 2412 lllissm,
1004 2339 1034 2398 id
1053 2350 1107 2412 est,
1123 2357 1174 2398 re·
1200 2357 1204 2378 ⁴

20 2451 21 2458 ¹
70 2431 312 2492 verendissimum
333 2441 363 2490 et
381 2429 592 2490 sanctissimum
611 2429 732 2490 fratrem
757 2441 788 2490 et
813 2429 1021 2510 coepiscopum
1041 2439 1176 2490 nostrum

74 2522 259 2606 Georgium,
284 2534 371 2602 atque
391 2521 529 2582 dilectum
548 2522 639 2582 lilium
658 2536 791 2585 nostrum
812 2523 995 2603 Stephanum
1014 2521 1174 2603 Presbyte-

73 2640 153 2694 rum,
174 2617 212 2676 ad
230 2624 391 2678 rostrante
409 2615 479 2675 Deo
500 2615 674 2676 custoditam
693 2617 906 2678 Excellentiam
924 2615 1064 2676 misimus:
1091 2618 1174 2698 dum-

75 2731 130 2790 que
149 2709 253 2773 vestris
272 2709 341 2768 Deo
361 2706 561 2769 amicabilibus
580 2709 708 2790 vestigiis
728 2710 839 2771 luerint
858 2729 916 2769 una
937 2731 1002 2769 cum
1021 2709 1174 2772 Radberto

74 2803 243 2884 fidelissimo
263 2813 360 2864 vestro
372 2801 462 2862 Misso
482 2803 670 2882 praesentati,
690 2813 795 2864 cuncta
813 2803 878 2865 riva
896 2822 971 2864 voce
986 2801 1174 2864 Christianis-

74 2896 162 2956 simae
179 2894 380 2956 Excellentiae
397 2906 476 2971 tuae,
495 2916 569 2974 quae
596 2906 660 2956 acta
685 2907 767 2970 sunt,
799 2906 830 2954 ct
854 2895 899 2955 rei
923 2895 1012 2977 exigit
1028 2895 1176 2971 meritum,
1212 2880 1217 2900 ¹

44 2999 48 3008 '
76 2987 221 3068 nobisque
240 2989 585 3066 necessariaexistentia,
603 2988 789 3049 intimabunt.
828 2987 955 3048 Maximo
975 3001 1101 3067 namque
1122 2988 1175 3048 de-

77 3081 181 3143 siderio
204 3093 308 3142 nostro
328 3081 485 3143 anhelabat
504 3083 627 3158 animus,
646 3081 832 3162 Apostolicas
845 3080 1042 3142 Excellentiae
1061 3092 1175 3146 vestrae

78 3174 203 3258 dirigere
222 3174 321 3234 literas
340 3172 520 3236 salutationis
539 3197 574 3236 ac
592 3174 777 3250 visitationis,
797 3173 837 3234 ob
853 3194 1074 3234 causamrcrum
1085 3191 1175 3232 even-

77 3277 118 3326 tus
135 3267 376 3350 significandum:
397 3277 428 3328 et
445 3269 564 3328 minime
584 3269 737 3342 valuimus,
756 3265 976 3324 imminentibus
992 3262 1181 3340 circumque:

79 3377 131 3436 que
148 3357 417 3440 Langobardorum
434 3361 525 3441 Regis
544 3360 667 3419 insidiis.

127 3453 269 3514 Attamen
294 3469 363 3510 ecce
386 3449 444 3510 iarn
468 3452 537 3512 duas
556 3447 792 3556 Apostolicarum
817 3446 967 3506 literarum
993 3446 1175 3509 adsertiones

78 3545 272 3606 Excellentiae
291 3554 405 3606 vestrae
425 3541 499 3604 clam
524 3563 579 3624 per
602 3541 754 3601 maximam
777 3539 947 3600 industriam
970 3539 1115 3615 misimus,
1144 3551 1176 3600 et

81 3636 256 3718 ignoramus,
275 3636 300 3696 si
319 3638 356 3696 ad
374 3659 427 3698 vos
445 3637 526 3717 ipsae
545 3634 735 3716 pervenerint
752 3633 864 3694 literae.
903 3633 992 3692 Unde
1003 3632 1175 3728 ambigimus

78 3749 142 3789 nea
160 3727 364 3826 Langobardis
376 3729 670 3810 comprehendantur.
705 3725 766 3786 Pro
787 3747 846 3806 quo
868 3736 898 3786 et
916 3716 995 3786 ndnc
1014 3745 1068 3806 per
1082 3747 1174 3832 prae-

78 3822 244 3882 nominatos
264 3833 380 3889 nostros
399 3821 503 3882 Missos
523 3821 592 3882 alias
611 3815 696 3882 vobis
715 3819 815 3880 literas
838 3813 982 3894 misimus,
1011 3818 1093 3898 quasi
1118 3815 1173 3879 ob-

78 3923 273 3994 temperantes
292 3913 416 3996 praefati
437 3913 572 3977 desiderii
591 3913 682 3994 Regis
706 3911 867 3988 voluntati,
899 3910 936 3972 ad
965 3932 1032 3974 suos
1058 3896 1174 3972 obsides

20 4003 22 4050 ἶ
79 4005 297 4082 absolvendum,
316 4019 346 4066 et
364 4027 468 4086 pacem
480 4005 720 4068 confirmandum
751 4003 822 4081 Sed,
841 4004 921 4066 bone
934 4004 1173 4066 excellentissime

79 4097 120 4156 lili
141 4109 173 4158 et
190 4100 324 4178 spiritalis
345 4111 507 4181 compater,
526 4099 595 4160 ideo
614 4099 682 4158 istas
702 4097 800 4157 literas
819 4096 872 4157 tali
883 4099 973 4159 modo
986 4095 1174 4169 exaravimus,

20 4203 22 4246 t
80 4201 111 4248 ut
128 4191 185 4270 ipsi
203 4192 296 4252 nostri
314 4191 395 4252 Missi
414 4193 450 4252 ad
469 4213 522 4254 vos
541 4192 573 4251 in
598 4189 752 4250 Franciam
776 4191 907 4252 valerent
928 4190 1066 4250 transire.
1098 4207 1173 4267 qno-

20 4267 21 4334 l
81 4281 156 4342 niam
175 4305 198 4342 ιι
190 4285 275 4344 'hoc
295 4303 359 4343 non
377 4284 544 4366 egissemus,
562 4283 642 4344 nulla
661 4285 778 4364 penitus
796 4283 913 4346 ratione
931 4303 986 4364 per
999 4280 1173 4364 Langobar·

20 4509 24 4650 ,
91 4564 94 4576 s

20 4371 183 4440 dorum
201 4376 275 4440 fines
294 4377 418 4442 uansire
429 4377 593 4444 valuissent
625 4377 686 4442 Sed
693 4379 845 4460 susceptis
863 4377 934 4458 ipsis
952 4373 1054 4455 literis,
1073 4394 1172 4482 omnm
