2890 5092
740 417 828 522 roo

315 694 318 702 Ι
392 610 476 676 Talia
495 615 536 674 sic
555 612 672 692 placido
692 609 863 670 moderetur
881 602 986 690 gaudia
1006 601 1098 675 vultu,
1156 588 1161 604 '

440 707 485 766 Ut
501 705 614 786 Sponsi
633 702 746 764 aeterni
765 697 871 780 gaudia
890 706 989 754 mente
1009 704 1102 776 gerat

392 803 433 861 Et
450 800 527 860 bene
547 797 706 878 scripturae
726 792 815 874 pandi
835 789 891 850 sibi
912 787 1040 867 compita
1059 797 1177 865 poscat:

442 894 505 954 Rex
523 890 601 974 illam
622 891 735 962 doceat,
756 905 843 965 quern
862 881 943 942 Deus
962 881 1024 960 ipse
1045 877 1142 938 docet.

395 985 561 1046 Adueniant
580 983 723 1044 Proceres
744 988 800 1039 etc.
820 987 876 1039 etc.

697 1217 896 1235 W

718 1458 876 1547 uxvnr.

465 1589 539 1648 mo
556 1581 873 1656 versaturum-ung
890 1581 960 1638 des
981 1577 1129 1651 Plppln

420 1695 487 1746 nach
505 1694 564 1746 dem
582 1689 702 1742 Berichta
720 1686 763 1738 dos
780 1685 893 1738 Moneta
916 1705 967 1736 von
985 1685 1022 1737 St.
1041 1682 1177 1748 Galleu¹).

306 1832 519 1889 Extraneorum
538 1827 634 1887 victor
653 1819 777 1882 Karolus
805 1838 821 1877 a
841 1818 969 1897 propriis
998 1829 1043 1878 est
1068 1816 1141 1876 mira
1162 1813 1280 1894 quidem
1301 1812 1355 1872 sed

252 1945 329 1987 cassa
350 1923 452 1982 frande
472 1921 694 1982 circumventus.
730 1914 807 1972 Nam
828 1912 864 1971 de
884 1911 995 1972 Sclavis
1016 1911 1051 1970 ad
1072 1909 1216 1990 Reginam
1236 1925 1356 1989 regres-

251 2040 308 2092 sos,
327 2037 343 2076 a
363 2015 423 2074 lilio
444 2033 498 2093 per
517 2010 713 2072 concubinam
732 2005 903 2088 progenito,
923 2003 1043 2063 nomine
1064 2000 1267 2083 gloriosissimi
1280 1999 1356 2078 Pip-

252 2110 315 2190 pini
335 2129 350 2168 a
370 2118 464 2166 matre
485 2103 652 2166 ominaliter
670 2099 821 2182 insignito,
841 2119 919 2178 pene
940 2108 1051 2177 captus,
1072 2106 1251 2174 etquautum
1263 2093 1294 2151 in
1317 2112 1356 2152 eo

252 2203 325 2278 luit,
354 2211 398 2261 est
422 2200 511 2260 morti
537 2197 695 2258 damnatus.
755 2179 848 2267 Quod
878 2192 935 2252 hoc
964 2191 1054 2255 modo
1086 2199 1269 2267 compertum
1301 2195 1357 2244 est.

253 2294 330 2356 Cum
348 2295 379 2352 in
400 2291 522 2352 ecclesia
550 2288 641 2350 sancti
665 2287 746 2347 Petri
771 2284 944 2364 proceribus
969 2280 1173 2364 congregatis,
1197 2279 1232 2337 de
1256 2287 1358 2335 morte

179 2417 181 2432 =
252 2385 436 2467 imperatoris
458 2381 625 2444 consiliatus
646 2379 758 2452 fuisset,
779 2378 864 2438 linito
885 2377 1019 2450 consilio,
1041 2375 1138 2434 omnia
1157 2383 1218 2432 tuta
1237 2369 1358 2444 timens,

252 2480 335 2542 iussit
354 2477 521 2558 explorare,
546 2475 570 2534 si
595 2473 658 2552 quis
684 2491 805 2550 nsquam
830 2470 861 2530 in
888 2469 1001 2552 angulis
1029 2477 1079 2526 aut
1097 2466 1198 2527 subter
1217 2460 1358 2522 altaribus

253 2573 354 2634 luisset
373 2567 530 2631 absconsus
537 2585 545 2642 3
567 2576 597 2626 et
616 2583 695 2639 ecce,
715 2575 748 2623 ut
766 2563 942 2637 timuerunt,
962 2562 1139 2622 invenerunt
1158 2577 1246 2617 unum
1267 2553 1357 2613 cleri-

216 2677 218 2687 '
254 2689 320 2728 cum
339 2663 439 2725 subtus
459 2660 549 2721 altare
570 2658 703 2718 celatum.
744 2658 842 2732 Quem
862 2655 1134 2736 apprehendentes,
1155 2651 1191 2710 ad
1211 2649 1357 2708 iusiuran-

256 2759 323 2818 dum
344 2754 560 2834 compulerunt,
581 2769 619 2808 ne
639 2748 775 2826 proditor
794 2747 956 2808 molitionis
978 2767 1080 2808 eorum
1099 2745 1192 2804 fieret
1232 2741 1305 2816 Qui,
1318 2759 1358 2798 ne

255 2848 343 2909 vitam
363 2845 510 2923 perderet,
529 2852 563 2900 ut
583 2839 776 2914 dictaverunt,
795 2839 892 2900 iurare
911 2861 974 2900 non
995 2839 1120 2906 abnuit.»
1153 2836 1214 2896 Sed
1232 2834 1287 2894 illis
1308 2855 1359 2893 re-

256 2936 437 3010 cedentibus,
457 2935 651 2994 iuramentuau
670 2931 743 2994 illud
762 2932 936 3014 sacrilegum
957 2933 1040 3013 parvi
1059 2931 1200 3012 pendeus,
1220 2928 1256 2988 ad
1275 2927 1358 3006 pala-

256 3032 328 3092 tium
349 3027 527 3110 properavit.
575 3026 709 3106 Cumque
736 3049 801 3088 cum
825 3027 947 3087 maxima
974 3025 1146 3086 difficultate
1172 3043 1225 3102 per
1244 3031 1359 3100 septem

254 3146 334 3186 seras
355 3134 384 3184 et
404 3120 613 3209 ostiaqtandem
635 3121 671 3180 ad
691 3119 857 3181 cubiculum
877 3120 1061 3200 imperatoris
1081 3126 1272 3198 penetrasset,
1291 3113 1358 3193 pul-

256 3230 320 3278 sato
342 3217 431 3291 aditu,
451 3213 701 3297 vigilantissimum
720 3234 836 3293 semper
854 3213 995 3274 Karolum
1025 3213 1061 3272 ad
1079 3209 1229 3270 maximam
1250 3211 1359 3290 perdu-

254 3310 297 3369 xit
316 3307 549 3382 admirationem,
569 3306 631 3386 quis
652 3327 688 3368 eo
708 3317 842 3386 tempore
869 3327 935 3366 eum
959 3311 1159 3385 praesumeret
1186 3302 1359 3382 inquietare.

257 3401 414 3478 Praecepit
432 3412 530 3458 tamen
546 3397 688 3475 leminea,
718 3419 792 3479 quae
818 3399 855 3460 ad
880 3399 1053 3479 obsequium
1078 3399 1199 3478 reginae
1219 3396 1265 3458 vel
1285 3394 1359 3454 filia-

254 3513 321 3552 ·rum
342 3511 407 3550 eum
428 3491 561 3550 comitari
580 3491 731 3566 solebant,
759 3503 792 3550 ut
810 3493 925 3552 exirent
943 3493 1057 3566 videre,
1083 3491 1146 3570 quis
1167 3502 1242 3552 esset
1262 3489 1298 3550 ad
1317 3489 1360 3548 ia-

257 3605 346 3644 nuam
366 3583 413 3644 vel
434 3582 503 3662 quid
522 3581 694 3660 inquireret.
735 3583 820 3657 Quae
838 3595 977 3666 ereuntes
997 3594 1271 3666 cognoscentesque
1290 3603 1361 3661 per·

204 3702 208 3720 ι
257 3695 361 3736 sonam
381 3675 560 3749 vilissimam,
586 3671 726 3734 obseratis
752 3676 833 3736 ostiis
859 3699 923 3737 cum
948 3677 1064 3760 ingenti
1084 3675 1145 3736 risu
1166 3687 1196 3734 et
1216 3673 1359 3735 cachinno

259 3789 290 3829 se
316 3789 369 3848 per
394 3769 516 3848 angulos
542 3766 670 3830 vestibus
705 3787 756 3826 ora
781 3789 931 3850 repressae
959 3770 1142 3830 conabantur
1167 3767 1360 3828 abscondere.

259 3861 321 3921 Sed
340 3861 535 3941 sagacissimus
554 3862 724 3940 imperator,
744 3883 830 3940 quern
849 3863 922 3923 nihil
933 3863 985 3922 suh
1004 3860 1091 3922 coelo
1104 3874 1203 3940 posset
1217 3861 1361 3942 effugere,

260 3953 417 4038 diligenter
435 3974 452 4013 a
471 3953 638 4017 mulieribus
658 3954 820 4034 bxquisivit,
841 3956 911 4036 quid
930 3954 1083 4031 habereut,
1102 3954 1151 4016 vel
1171 3954 1243 4034 quis,
1255 3953 1360 4013 ostium

261 4048 398 4128 pulsaret.
435 4045 676 4126 Responsumque
697 4048 859 4129 accipiens,
884 4049 951 4129 quia
979 4048 1095 4127 quidam
1116 4047 1256 4125 eonion>
1276 4047 1363 4106 dera-

261 4163 323 4217 sus,
352 4139 476 4200 insulsus
502 4147 532 4197 et
555 4137 718 4214 insaniens,
748 4141 826 4202 linea
855 4153 968 4202 tantum
999 4153 1029 4201 et
1058 4139 1247 4202 femoralibus
1275 4131 1364 4198 iudu-

261 4245 307 4294 tus
342 4255 373 4294 se
404 4233 514 4312 absque
544 4250 627 4290 mora
658 4233 819 4312 postularet
844 4233 969 4314 alloqui,
1001 4233 1083 4296 iussit
1116 4255 1182 4294 eum
1211 4233 1363 4294 intromit-

306 4451 326 4499 ι)
344 4448 374 4504 ιι,
388 4454 426 4504 rs,
442 4465 466 4506 p.
482 4453 525 4496 aar
537 4449 612 4512 carga.
624 4450 722 4500 Parra,
748 4477 773 4486 -
801 4453 825 4504 π)
839 4441 933 4509 'unqua
