2960 5094
804 419 957 488 lo*

722 669 725 678 '
802 693 861 766 w.

281 824 458 896 spretor·
473 824 540 881 nv.
566 821 712 879 neuma
728 821 960 974 supperapps
976 819 1027 874 aa
1044 820 1232 878 emtum
1249 805 1379 892 maps-

706 919 753 961 l'fl
839 918 881 958 111

335 997 470 1106 llomino
490 1045 620 1126 piissimo
639 1054 670 1103 et
687 1037 882 1114 serenissimo,
901 1037 1009 1100 victori
1027 1040 1288 1120 actrimnphatori,
1308 1040 1380 1116 filio,

230 1175 238 1226 ,
277 1139 403 1198 amatori
420 1139 481 1200 Dei
499 1159 533 1199 ac
553 1135 665 1198 domini
683 1133 778 1194 nostri
795 1133 1000 1208 JesuChristi,
1018 1133 1131 1194 Karolo
1150 1135 1296 1216 Augusto,
1315 1133 1379 1194 Leo

277 1232 458 1314 Episcopus,
480 1253 578 1293 servus
598 1215 749 1290 servorum
766 1226 834 1286 Dei.
879 1227 1055 1288 Remeantcs
1082 1227 1119 1286 ad
1144 1247 1199 1287 nos
1220 1227 1378 1288 fidelissimi

276 1323 359 1384 Missi
382 1326 493 1402 nostri,
516 1343 589 1404 quos
615 1321 651 1380 ad
675 1332 798 1382 vestram
818 1319 1001 1398 imperialem
1020 1319 1188 1380 Potentiam
1214 1322 1379 1397 direximus,

275 1417 442 1478 retulerunt
459 1417 546 1478 nohis
571 1416 608 1475 de
627 1425 723 1474 vestra
743 1412 952 1493 benignissima
972 1412 1122 1488 bonitate,
1147 1435 1234 1493 quam
1254 1435 1324 1496 erga
1343 1416 1378 1474 B.

274 1509 396 1570 Petrum
419 1509 596 1588 Apostolum
629 1518 659 1567 et
684 1506 744 1567 eius
771 1505 921 1566 Vicarium
950 1505 1051 1588 geritis
1081 1527 1115 1568 ex
1144 1507 1250 1579 intimo
1281 1509 1378 1570 cordis

273 1622 383 1664 amore.
428 1602 547 1662 interea
573 1598 748 1660 obtulerunt
772 1598 858 1660 nobis
883 1597 1074 1660 honorabiles
1102 1613 1213 1662 vestras
1229 1601 1377 1682 vepistolas

231 1777 233 1782 Ι
273 1708 304 1756 et
323 1685 521 1780 capitularem.
567 1693 660 1768 Quod
678 1713 749 1754 vero
770 1692 976 1774 capitularem,
1002 1705 1071 1773 post
1088 1695 1281 1756 relectionem
1305 1696 1376 1756 dua-

272 1811 337 1850 rum
357 1786 563 1866 epistolarum,
586 1798 768 1861 reserantes,
793 1786 873 1846 inter
892 1796 990 1846 cetera
1010 1787 1130 1868 gaudia,
1150 1809 1207 1866 qna
1227 1786 1376 1868 praefatae

274 1879 418 1961 epistolae
439 1880 523 1941 cordi
543 1891 647 1940 nostro
668 1879 849 1955 effuderunt,
868 1879 909 1940 sic
928 1878 1055 1958 primum
1074 1879 1233 1959 capitulum
1248 1881 1377 1940 eiusdem

271 1971 440 2054 capitularis
466 1993 519 2033 cor
538 1984 672 2033 nostrum
690 1970 845 2045 relevavit,
871 1982 905 2030 ut
924 1992 990 2034 cum
1009 1971 1161 2052 Propheta
1181 1973 1280 2034 dicere
1305 1993 1375 2032 coc-

269 2067 414 2148 perimus:
438 2064 566 2127 Domine
584 2065 695 2124 salvem
710 2065 774 2145 soc
791 2063 918 2141 Regma,
939 2077 966 2124 at
982 2064 1094 2128 maadi
1110 2087 1165 2126 rene
1182 2068 1215 2124 in
1233 2063 1297 2138 dtr,
1317 2085 1376 2144 pao

268 2161 492 2228 &evocaverim
509 2173 544 2220 te.
590 2159 725 2238 Cumque
750 2177 804 2238 per
824 2156 959 2217 ordinem
984 2160 1030 2216 ad
1040 2169 1150 2217 sextum
1174 2157 1378 2240 coniungere-

268 2275 334 2315 mus
353 2255 523 2334 capitulum,
544 2263 684 2332 quantum
704 2251 843 2354 gaudium
863 2259 893 2307 et
910 2249 1051 2308 laetitiam
1072 2249 1240 2329 praedictae
1262 2252 1373 2331 episto-

268 2347 315 2408 lae
334 2357 424 2427 atque
443 2359 541 2410 cetera
561 2344 687 2423 capitula
711 2340 799 2400 nohis
825 2339 1165 2421 ingesserunt„tantum
1184 2361 1325 2404 moerore
1345 2354 1375 2404 et
1459 2296 1463 2426 l

267 2439 386 2500 tristitia
410 2437 600 2518 postmodum
624 2453 721 2494 sumus
740 2431 856 2512 repleti.
904 2431 1123 2499 continebatur
1143 2435 1221 2496 enim
1249 2437 1281 2498 in
1306 2437 1372 2520 ipso

268 2529 403 2612 praelato
435 2542 516 2590 sexto
543 2525 684 2606 Capitulo
709 2525 790 2604 quod
813 2526 917 2587 Missos
942 2526 1076 2590 invenire
1101 2550 1165 2592 non
1188 2529 1292 2610 valetis
1323 2529 1373 2608 qui

200 2639 203 2648 ’
267 2622 355 2684 nobis
380 2622 530 2708 placeant;
556 2621 592 2680 de
618 2639 675 2698 qua
701 2640 733 2680 re
758 2618 842 2681 valde
866 2621 998 2682 tristatur
1023 2633 1119 2684 vestra
1145 2622 1309 2694 Serenitas;
1342 2634 1373 2684 ct

266 2715 363 2776 nullus
384 2714 421 2776 dc
440 2715 519 2795 ipsis,
541 2713 590 2793 qui
609 2711 667 2772 iam
687 2713 723 2772 ad
743 2734 799 2774 nos
818 2713 875 2774 suit
894 2715 1039 2788 directos,
1059 2736 1113 2794 per
1132 2737 1214 2776 suam
1233 2717 1372 2778 volunta-

265 2821 327 2870 tem
346 2805 469 2887 amplius
488 2808 592 2868 Missus
613 2805 685 2882 crit,
710 2819 833 2888 excepto
854 2809 934 2887 quod
945 2806 1153 2870 'obedientiam
1172 2821 1300 2870 vestram
1317 2831 1371 2872 vo-

266 2901 394 2962 luntarie
413 2901 612 2981 unusquisque
632 2897 792 2980 adimplere
806 2901 895 2981 cupit
934 2899 974 2960 Et
993 2922 1055 2962 uon
1074 2901 1169 2962 solum
1179 2903 1264 2968 Missi
1283 2903 1371 2968 vestri

238 2981 245 2988 ¹
265 2995 373 3056 timent
390 3005 515 3056 vestram
528 3004 647 3074 portare
659 2993 838 3076 legationem
858 2994 895 3054 ad
905 3005 1035 3056 nostram
1045 2993 1248 3076 pusillitatem
1269 3017 1370 3060 verum

266 3088 355 3150 etiam
374 3087 426 3148 alii
444 3088 502 3148 iam
522 3107 585 3148 non
600 3097 668 3148 sunt
686 3086 747 3146 ausi
759 3107 900 3166 quaerere
919 3087 1032 3150 avohis
1051 3087 1200 3162 auxilium,
1218 3089 1287 3167 quia
1301 3089 1369 3148 nul-

265 3179 310 3242 lus
330 3192 389 3258 est,
414 3181 466 3260 qui
485 3191 609 3242 vestram
629 3178 771 3258 quaesivit
791 3179 1001 3256 Clementiam,
1019 3192 1053 3240 ut
1071 3180 1189 3255 dicunt,
1214 3181 1266 3262 qni
1285 3193 1370 3260 post-

264 3274 385 3334 modum
404 3274 441 3334 ad
460 3274 579 3354 plenam
598 3272 740 3352 potuisset
757 3274 913 3352 pervenire
933 3275 1055 3358 gratiam
1076 3285 1222 3345 nostram,
1250 3285 1281 3334 et
1300 3275 1369 3354 quia
1462 3249 1463 3336 l

264 3365 363 3446 plures
383 3363 508 3424 directos
527 3365 668 3426 habuistis
686 3363 790 3428 Missos
809 3367 925 3444 fideles,
949 3390 983 3428 ex
1003 3367 1108 3448 quibus
1132 3367 1190 3428 iam
1211 3367 1260 3426 alii
1286 3387 1368 3429 mor-

264 3458 308 3516 tui
327 3467 404 3530 sunt,
425 3467 456 3514 et
473 3454 528 3534 ipsi
547 3453 738 3533 blasphemati
757 3459 854 3530 suere,
874 3471 905 3520 et
924 3461 960 3519 de
979 3461 1049 3539 ipsis
1069 3461 1119 3535 qui
1137 3458 1249 3532 visunt,
1270 3460 1368 3520 nullus

263 3549 322 3610 iam
347 3549 410 3609 sine
435 3545 618 3626 blasphemio
644 3566 706 3608 esse
732 3549 860 3622 videtum
883 3550 972 3612 Unde
996 3549 1100 3622 nohis,
1124 3548 1165 3606 fili
1189 3548 1368 3628 dulcissime,
1461 3607 1462 3622 ,

264 3642 336 3723 quid
356 3641 435 3700 aliud
454 3639 600 3723 agendum
620 3651 674 3715 est,
692 3639 749 3701 nisi
759 3660 861 3722 preces
880 3664 935 3722 pro
956 3642 1010 3718 his,
1030 3640 1160 3720 quitalia
1178 3641 1264 3704 vobis
1280 3665 1366 3706 mcu—
1461 3651 1462 3662 ¹

263 3736 312 3797 riti
331 3747 409 3811 sunt,
428 3735 466 3794 ad
483 3732 644 3793 Dominum
665 3732 836 3796 fundamus?
858 3735 933 3796 sicut
950 3735 1089 3814 scriptum
1110 3747 1166 3794 cst:
1201 3734 1292 3798 Oreste
1306 3760 1366 3814 pro

262 3831 386 3889 immicis
409 3830 517 3887 neuris.
564 3823 676 3887 Credat
699 3827 778 3888 enim
803 3827 890 3888 nobis
913 3838 1008 3890 vestra
1033 3826 1199 3904 Serenitas,
1225 3830 1294 3907 quia
1320 3851 1365 3908 ea,

264 3943 338 4004 quac
359 3923 396 3982 ad
416 3920 530 3982 amintae
548 3930 661 3981 vestrae
680 3920 801 3982 salutem
821 3919 1055 4004 cognoverimus,
1075 3920 1157 3980 nullo
1177 3923 1269 3982 modo
1282 3935 1364 3986 tace-

262 4037 340 4090 mus;
360 4027 390 4076 et
407 4015 433 4078 si
452 4024 520 4074 ante
540 4013 691 4090 tacuimus,
710 4035 789 4075 nunc
808 4025 904 4074 autem
924 4033 1156 4090 concessamus,
1174 4015 1235 4076 sive
1255 4017 1293 4078 de
1306 4017 1365 4078 ho-

262 4109 325 4186 nis,
349 4108 410 4171 sive
436 4108 472 4168 de
496 4107 594 4184 malis,
623 4119 737 4169 vestrae
762 4107 896 4168 intimare
921 4107 1082 4186 potentiae.
1126 4107 1202 4170 Nam
1231 4110 1283 4188 qui
1308 4129 1364 4189 pcr
1459 4175 1460 4194 χ

263 4203 446 4264 mendacium
466 4212 496 4264 et
514 4201 603 4263 malas
621 4200 852 4264 machinationes
871 4201 934 4262 vtrlt
952 4199 1044 4262 filium
1062 4221 1199 4284 separare
1221 4222 1240 4262 a
1258 4213 1363 4278 matre,

305 4424 313 4454 ι
318 4425 326 4471 ·)
340 4419 475 4478 Bouqnet
492 4423 522 4476 V,
536 4435 560 4478 p.
575 4423 620 4466 om
633 4421 652 4466 i.
665 4396 836 4466 'lierchrlehen
849 4417 882 4464 im
893 4420 967 4464 ,lehre
980 4425 1033 4466 8⁰7.
