2908 5094
631 424 857 502 ‚lm

285 595 405 670 faciant,
421 592 499 652 unde
518 591 600 654 villas
620 591 778 652 dominicas
803 588 990 673 condirigere
1016 547 1145 669 possint,
1177 601 1223 668 et,
1246 592 1384 669 quando·
1433 557 1434 568 l

286 688 402 768 quidem
421 684 486 764 plus
506 687 542 746 de
561 685 626 766 ipso
646 685 715 746 vino
736 693 935 763 comparatum
955 683 1045 744 luerit
1065 703 1150 763 quam
1169 684 1206 744 ad
1222 681 1304 744 villas
1325 705 1384 744 no-

231 783 238 794 '
259 799 262 810 ·
283 793 356 842 stras
377 778 620 861 condirigendum
639 776 773 838 mittendi
793 797 867 856 opus
886 775 938 850 sit,
963 775 1049 836 nobis
1068 776 1248 861 innotescat,
1273 787 1307 835 ut
1326 797 1384 838 nos

155 885 162 908 ’“
202 913 209 926 =
286 875 537 946 commendemus,
564 869 688 950 qualiter
712 881 811 929 nostra
832 869 923 928 luerit
942 869 1045 928 exinde
1064 869 1206 930 voluntas.
1247 868 1383 948 Cippati-

236 957 237 962 *
285 969 376 1045 cos¹)
397 966 474 1026 enim
498 965 535 1024 de
559 965 650 1026 vlncis
675 962 781 1022 nostris
808 961 844 1020 ad
871 981 944 1041 opus
970 972 1102 1022 nostrum
1119 962 1244 1032 'mittere
1264 961 1382 1038 iaciant,

284 1079 370 1120 censa
395 1060 432 1118 de
459 1057 537 1118 villis
557 1055 678 1131 nostris,
713 1055 763 1134 qui
788 1054 889 1115 vinum
915 1053 1039 1130 debent,
1068 1055 1100 1113 in
1129 1055 1251 1114 collaria
1280 1067 1380 1116 nostra

282 1153 409 1212 mittant.

339 1246 392 1304 tx.
429 1242 570 1303 Volumus
595 1252 628 1300 ut
651 1238 850 1318 unusquisqne
875 1240 961 1300 iudex
984 1242 1017 1302 in
1040 1263 1093 1304 suo
1114 1240 1276 1314 ministerio
1296 1260 1378 1302 men-

261 1383 265 1391 .
281 1359 377 1400 suram
396 1337 564 1397 modiorum
584 1332 784 1407 sextariorum,
805 1344 835 1393 et
854 1332 956 1393 siculas
968 1355 1022 1414 per
1033 1335 1155 1396 sextaria
1172 1345 1241 1396 octo
1262 1346 1293 1394 et
1313 1355 1377 1394 cor-

283 1429 387 1491 borum
408 1449 444 1489 eo
464 1439 569 1488 tenore
590 1424 728 1501 habeant,
748 1427 822 1486 sicut
841 1426 920 1486 etin
940 1427 1049 1506 palatio
1071 1427 1218 1487 habemns.
1268 1468 1272 1481 .

337 1524 372 1582 X.
411 1523 455 1580 Ut
473 1520 597 1580 maiores
623 1519 717 1592 nostri
742 1531 772 1579 et
797 1519 957 1595 forestarii,
981 1520 1198 1600 poledrarii2),
1224 1522 1375 1599 cellerarii,

282 1615 385 1677 decani
395 1618 436 1693 ³),
456 1612 593 1674 telonarii
605 1607 646 1689 ⁴),
666 1611 712 1690 pel
732 1613 822 1672 ceteri
841 1613 1044 1674 ministeriales
1063 1633 1133 1698 rega
1145 1615 1264 1691 faciant,
1285 1629 1315 1676 et
1329 1637 1375 1677 so-

235 1713 243 1732 ¹
279 1710 401 1793 galesl)
421 1707 534 1766 donent
553 1705 590 1766 de
610 1705 757 1780 mansis⁸)
778 1725 888 1766 eorum.
927 1705 988 1767 Pro
1008 1725 1207 1788 manuopera
1232 1729 1305 1770 vero
1325 1733 1374 1772 eo-

279 1823 343 1861 rum
364 1799 524 1862 ministeria
544 1795 829 1878 bene'praevideant
848 1811 880 1860 et
900 1800 1109 1880 qualiscunque
1128 1800 1224 1860 naaion
1243 1803 1375 1864 habuerit
1435 1859 1436 1864 ,

279 1893 466 1968 beneficium,
485 1911 567 1952 suum
587 1889 726 1951 vicarium
745 1892 862 1952 mittere
882 1891 970 1954 saciat
990 1892 1114 1972 qualiter
1134 1905 1164 1954 et
1181 1915 1270 1956 manu
1287 1917 1374 1980 opera
1435 1895 1436 1902 '

280 1998 311 2046 et
331 1984 646 2048 caeterum-servitium
665 2003 720 2063 pro
741 2004 777 2044 co
798 1983 957 2065 adimplere
977 1987 1092 2048 debeat.

331 2066 388 2138 'XL
426 2079 470 2136 Ut
489 2077 584 2137 nullus
608 2076 693 2136 iudex
716 2077 985 2154 mansionaticos⁷)
1009 2081 1045 2141 ad
1069 2101 1152 2142 sunm
1173 2103 1245 2162 opus
1264 2101 1322 2152 nec
1341 2085 1374 2144 ad

269 2191 346 2232 suos
372 2189 458 2232 canes
483 2189 571 2250 super
591 2168 728 2229 homines
752 2182 869 2233 nostros
894 2181 981 2252 atque
1006 2173 1038 2230 in
1062 2173 1185 2236 forestes
1210 2175 1373 2239 nullatenus

186 2289 190 2296 ·
278 2267 434 2345 prendant.

334 2358 402 2416 XII.
442 2354 486 2416 Ut
515 2355 610 2418 nullus
640 2356 726 2418 iudex
757 2354 932 2436 obsidem⁸)
961 2368 1094 2419 nostrum
1118 2361 1150 2420 ln
1178 2361 1243 2425 villa
1272 2375 1373 2425 nostra

278 2453 483 2512 commendare
504 2451 599 2510 saciat.

333 2543 418 2603 XIII.
457 2544 501 2600 Ut
530 2560 622 2620 equos
653 2539 814 2602 emissarios
825 2544 856 2623 Ι)
887 2543 917 2604 id
948 2555 992 2606 est
1018 2545 1265 2628 waraniones¹⁰)
1296 2551 1370 2612 bene

198 2655 200 2660 ·
276 2635 477 2716 praevideant,
498 2644 528 2693 et
547 2631 711 2695 nullatenus
738 2655 789 2696 eos
808 2637 838 2696 in
859 2657 919 2697 uno
939 2637 1007 2698 loeo
1029 2639 1079 2698 din
1098 2653 1174 2702 stare
1194 2644 1371 2722 permittant,

276 2749 314 2788 ne
335 2728 412 2787 forte
432 2746 488 2806 pro
508 2725 566 2785 lxoc
586 2740 703 2805 pereat,
729 2729 783 2788 etsi
807 2729 910 2809 aliquis
934 2730 999 2792 talis
1026 2744 1070 2792 est
1096 2736 1176 2813 quod
1195 2735 1291 2798 bonus
1310 2757 1370 2798 non

277 2819 325 2894 sit,
344 2830 394 2878 aut
412 2830 567 2878 veteranus
586 2819 637 2892 sit;
655 2819 680 2879 si
698 2833 920 2884 commortuus
939 2823 1043 2902 suerit,
1067 2827 1154 2888 nobis
1173 2831 1309 2894 nuntiare
1328 2831 1370 2890 fa·

275 2910 367 2984 ciant,
385 2921 519 2990 tempore
540 2929 689 2992 congruo,
721 2925 877 2995 antequam
903 2928 1018 2997 tempus
1037 2920 1150 2997 veniat,
1178 2932 1212 2981 ut
1230 2923 1309 2984 inter
1326 2925 1369 2984 iu-

274 3005 436 3083 mentm)
455 3001 532 3090 mitti
551 3003 686 3065 debeant.
1335 3061 1344 3068 .

330 3096 411 3166 xlv,
451 3097 497 3156 tJt
512 3097 640 3158 iumenta
659 3111 759 3160 nostra
779 3102 856 3163 hene
874 3104 1049 3178 custodiant,
1069 3116 1099 3164 et
1112 3106 1251 3185 poledros
1263 3112 1314 3189 ¹¹)
1334 3113 1368 3171 ad

272 3185 390 3272 tempus'
408 3200 584 3274 segregent,
612 3191 685 3250 etsi
705 3193 877 3274 pultraellae
889 3196 940 3272 Η>
961 3196 1173 3276 multiplicatae
1194 3201 1305 3263 fuerint
1322 3221 1368 3265 se-

274 3295 392 3360 paratae
413 3283 543 3358 fiant,=et
563 3302 684 3366 gregem
704 3304 758 3364 per
776 3305 807 3345 se
828 3286 930 3347 exinde
950 3283 1078 3350 adunare
1098 3291 1215 3355 saciant

331 3375 396 3432 XV.
433 3377 477 3432 Ut
501 3378 641 3454 poledros
666 3388 783 3439 nostros
807 3379 893 3442 missa
916 3381 1010 3443 sancti
1033 3382 1153 3444 Martini
1178 3387 1310 3467 hyemale
1334 3393 1367 3452 ad

273 3465 414 3544 polatium
435 3466 611 3528 omnimodis
633 3469 769 3530 habeant.

220 3745 225 3763 s
313 3733 335 3784 ι)
349 3732 445 3780 senno.
469 3763 494 3774 -
522 3742 545 3791 a>
560 3737 709 3790 rotomaco.
727 3725 815 3795 (notes
827 3763 837 3784 .
851 3728 963 3797 uuilon)
988 3771 1013 3780 -
1041 3751 1062 3800 a)
1077 3751 1161 3811 vage.

311 3801 334 3849 a)
348 3797 455 3846 Zttlluar.
481 3805 537 3849 Man
554 3808 663 3850 ltemerlre
676 3807 720 3850 den
733 3809 872 3868 Uebergang
887 3825 934 3854 von
948 3810 973 3854 T
986 3814 1009 3856 in
1023 3815 1051 3858 Z
1065 3817 1124 3862 nacla
1144 3819 1196 3863 dem
1209 3821 1308 3868 Genetxe
1326 3824 1367 3866 der

271 3863 502 3926 leverwltfelung.
518 3873 598 3932 Vergl.
616 3873 642 3917 Ζ
646 3887 729 3930 enne,
742 3873 887 3932 Nidelungen
900 3877 962 3921 Notis
975 3881 1024 3921 und
1035 3877 1122 3939 azajo,
1139 3885 1216 3933 iibere.
1234 3893 1303 3945 1836,
1311 3893 1332 3936 8.
1340 3889 1363 3931 S·

270 3937 323 3978 413.
350 3932 433 3976 Zeuna
445 3936 531 3980 ktlnnte
543 3937 567 3982 in
581 3941 691 3985 frtilaeratr
704 3942 756 3986 Zeit
774 3941 901 4000 Reganus
912 3943 1033 4004 geheiasen
1049 3949 1135 3996 hoen.

308 4003 333 4054 ὅ)
344 4000 484 4052 ΑοΙιοηίιιο.
503 4003 536 4053 (d.
548 4005 572 4049 lx.
587 4006 685 4067 lioggen
694 4007 807 4060 soeculo.)

309 4069 330 4119 ⁸)
344 4068 430 4112 IIusen.
458 4065 602 4114 Marcoman
618 4076 654 4127 (so
668 4075 715 4118 viel
727 4075 761 4118 ala
775 4075 812 4118 ein
824 4076 895 4120 Manu
910 4077 992 4121 milton
1007 4082 1078 4132 kann)
1098 4083 1214 4128 iibersatat
1232 4084 1361 4137 Psister,

272 4119 407 4178 aeramento
425 4137 466 4180 cles·
490 4135 596 4182 'I'eutsoln
619 4139 638 4188 I.
652 4139 677 4184 S.
693 4145 736 4186 447
755 4141 797 4184 mit
814 4142 888 4186 eiuem
906 4143 931 4187 in
946 4144 1160 4194 Oberdentsoltlantl
1180 4151 1240 4196 noch
1258 4149 1363 4194 unomen

198 4224 203 4232 ·
269 4195 396 4247 amarunt.
410 4196 414 4205 ¹

308 4267 330 4318 7)
345 4269 531 4320 Ilul'enhesitzer.
558 4299 583 4310 -
610 4273 849 4329 alsemannum.
876 4303 901 4314 -
928 4279 950 4330 ο)
964 4279 1096 4326 Buchilar.

297 4333 335 4386 ¹⁰)
349 4335 507 4396 Iiriegmone.
533 4364 558 4376 -
589 4339 731 4396 ¹¹lfflssllll·
757 4363 783 4378 ⁸·
812 4345 850 4398 ¹²)
865 4346 1026 4404 fflflss'lfflfl·

297 4401 336 4454 ¹³)
350 4397 516 4452 Stounsullen.
868 4443 873 4452 ·
1079 4408 1086 4426 ⁸
