2960 5094
537 389 565 460 ··
633 447 690 516 21

114 603 200 662 duret
212 601 358 662 Dominus
378 619 476 662 aurem
495 619 577 682 suam
596 611 702 662 vestras
721 603 759 662 ad
778 601 970 665 exaudiendas
987 623 1101 684 preces,
1120 616 1151 666 et
1169 624 1208 668 ne
1319 666 1322 674 Α

113 705 223 756 avertat
241 695 348 756 faeiem
366 715 445 755 snam
466 713 482 752 a
501 693 586 754 vobis
605 693 636 760 in
653 695 704 755 illo
725 696 815 756 loturi
835 697 972 758 examinis
997 697 1060 772 die,
1089 700 1207 778 quando

93 804 177 848 ‘cum
193 788 287 848 Beato
307 787 409 861 Petro,
429 796 460 844 et
479 787 583 848 ceteris
603 787 661 846 suis
683 788 830 869 Apostolis
849 791 886 850 ad
905 789 1089 850 iudicandum
1099 793 1209 854 sederit

110 901 230 942 omnem
256 881 391 942 ordinem
417 886 595 958 omnemque
621 890 793 958 potestatem
824 885 995 958 humanam,
1026 893 1057 942 et
1080 883 1208 944 seculum

108 994 164 1053 per
183 974 296 1056 ignem
317 973 486 1050 dicaturque
505 970 603 1049 (quod
620 983 734 1034 avertat
745 973 917 1054 Divinitas):
936 975 1043 1036 Nescio
1060 997 1120 1053 uos,
1139 978 1209 1054 quio

107 1089 169 1128 „aa
186 1067 327 1128 amnas
344 1067 409 1124 aaa
425 1065 486 1124 nn
499 1062 666 1146 ‚nnana
686 1079 713 1126 a
731 1063 885 1144 essm
901 1071 1017 1128 arem
1028 1055 1210 1145 pomaeo

168 1253 279 1314 Audite
298 1272 362 1326 nos,
381 1249 569 1326 dilectissimi,
588 1251 685 1312 audite
704 1271 771 1326 nos,
791 1261 822 1310 et
840 1250 991 1314 subvenite
1003 1253 1099 1328 nobis.
1128 1254 1208 1314 Eece

109 1349 195 1408 adest
212 1359 324 1425 tempus
334 1343 463 1404 salvandi
475 1361 544 1411 noas
563 1343 671 1405 salvate
687 1364 753 1419 nos,
772 1353 928 1422 antequam
940 1364 1100 1422 pereamus,
1120 1343 1208 1407 Clari-

109 1438 285 1505 stianissimi,
325 1436 438 1500 Omnes
458 1435 568 1496 etenim
588 1447 708 1515 gentes,
728 1456 802 1515 quae
822 1435 1046 1515 circumquaque
1064 1449 1133 1498 snut
1151 1458 1208 1517 po-

108 1536 194 1611 sitae,
213 1545 243 1594 et
261 1531 299 1592 ad
317 1540 453 1604 vestram,
472 1548 526 1608 per
543 1528 604 1588 Dei
622 1529 802 1608 potentiam,
821 1528 1003 1588 Francorum
1023 1527 1208 1590 fortissimam

108 1639 230 1710 gentem
248 1623 395 1705 refugium
415 1619 560 1697 fecerunt,
579 1621 674 1682 salvae
694 1622 888 1682 factaesunt:
910 1631 949 1696 et,
968 1619 992 1680 si
1012 1620 1209 1682 omnibnsan-

25 1713 28 1724 ’
106 1721 207 1780 uilium
226 1715 377 1798 impertire
396 1735 458 1774 non
479 1713 621 1789 dissertis,
640 1713 734 1776 multo
754 1714 876 1796 amplius
895 1723 1024 1774 sanctam
1034 1711 1093 1774 Dei
1104 1715 1208 1774 Eccle-
1319 1705 1322 1718 '

106 1816 180 1876 siam
200 1824 231 1872 et
250 1811 310 1871 eius
329 1806 473 1888 populum
493 1807 528 1866 de
548 1806 733 1870 inimicorum
751 1806 975 1891 impugnatione
994 1805 1208 1868 debueratisli-

106 1909 223 1969 berane.
267 1903 478 1976 Considerate,
502 1898 697 1976 dilectissimi,
721 1913 753 1962 et
775 1901 897 1962 omnino
921 1899 1122 1980 percogitate,
1152 1919 1208 1980 per

104 2002 207 2059 Deum
225 1997 323 2056 vivum
340 2015 393 2054 vos
412 1992 547 2066 coniuro,
566 1993 704 2070 quoniam
716 2004 784 2073 post
800 1993 897 2054 Deum
915 1991 1025 2053 eteius
1044 1991 1208 2072 principem

106 2085 326 2170 Apostolorum
345 2095 463 2152 nostrae
483 2084 613 2143 omnium
625 2085 825 2144 Romanorum
845 2086 958 2146 animae
976 2086 1008 2146 in
1027 2082 1111 2145 vebis
1131 2091 1207 2164 pen-

108 2186 194 2254 dent;
216 2177 290 2241 etsi
308 2175 409 2255 perire
427 2172 525 2252 (qnod
544 2173 644 2248 absit),
662 2195 720 2234 nos
736 2176 909 2257 contigerit,
933 2189 1054 2258 pensate
1073 2177 1105 2240 in
1126 2177 1207 2240 cuins

109 2277 236 2338 animam
259 2267 398 2350 respiciat
426 2267 461 2342 ad
493 2277 655 2344 peccatum.
705 2263 797 2325 Certe
824 2269 902 2328 enim
933 2270 1055 2332 omniuo
1086 2270 1208 2344 credite,

111 2361 367 2437 Christianissimi,
397 2359 422 2420 si
446 2356 533 2418 nobis
559 2357 656 2437 aliqua
682 2357 815 2418 evenerit
839 2360 985 2420 calamitas
1004 2362 1099 2437 (quod
1119 2361 1209 2438 absit)

110 2455 312 2543 periclitandi,
341 2473 393 2515 vos
420 2453 457 2512 de
484 2450 620 2514 omnibus
646 2460 715 2510 ante
741 2449 871 2511 tribunal
890 2449 948 2510 Dei
968 2450 1049 2511 eritis
1067 2450 1209 2513 reddituri

108 2552 267 2616 rationem.
306 2545 365 2606 Sed
383 2546 491 2626 magis,
517 2541 695 2614 dilectissimi
714 2541 817 2618 nobis,
837 2544 930 2624 agite,
949 2543 1121 2612 etliherate
1139 2556 1209 2622 post

109 2649 208 2707 Deum
233 2642 265 2700 in
289 2639 373 2703 vobis
399 2637 621 2719 confugientes,
651 2647 684 2701 nt
707 2635 833 2710 fructum
857 2635 969 2698 bonum
995 2635 1158 2701 offerentes
1176 2637 1208 2704 in

107 2738 201 2801 futuri
224 2731 361 2795 examinis
386 2729 433 2790 die
462 2727 631 2790 mereamini
661 2728 774 2788 dicere:
807 2727 934 2788 Domine
955 2741 1052 2789 metes·
1069 2733 1208 2806 princeps

109 2827 318 2908 Apamam
335 2823 428 2884 Reme
445 2822 547 2896 Petra,
575 2841 638 2880 ecoe
654 2842 708 2880 nos
729 2819 857 2880 clientula·
878 2824 922 2880 rasi
943 2841 1058 2882 cursum
1075 2842 1205 2882 consem-

109 2938 234 3000 mames,
255 2918 352 3000 fidem
368 2928 510 2976 amantes
526 2912 592 2988 tibi,
618 2913 783 2979 ,Ecclesium
801 2913 862 2972 Det
879 2935 1042 2990 osupum
1060 2914 1207 2975 comm

107 3017 158 3078 stt
180 3009 405 3084 assumendam
428 3007 464 3072 de
481 3005 612 3068 amnibus
629 3008 856 3086 pasaequmim
873 3003 1057 3088 deferam
1074 3004 1205 3066 Rham.

109 3121 240 3188 mse!
262 3104 428 3166 adsistam
449 3099 625 3162 immaculati
647 3119 746 3162 coreas
768 3112 810 3175 te,
838 3097 990 3182 efficimus
1013 3097 1064 3159 tibi
1083 3119 1203 3175 pueros,

110 3225 178 3285 quos
204 3197 287 3261 nodis
308 3198 472 3258 commisisti
493 3193 529 3254 ds
551 3191 682 3254 maalon
705 3195 886 3254 demotum
907 3189 1061 3268 mundos,
1087 3192 1206 3262 cupitae

109 3311 194 3377 atque
211 3293 365 3352 incolamus
382 3291 541 3350 exieram.
573 3287 659 3345 Tune
679 3296 710 3344 et
727 3285 759 3342 in
778 3283 925 3362 praesenti
943 3283 1001 3343 rita
1023 3281 1092 3339 etin
1103 3279 1203 3340 loturo

111 3387 209 3450 seculo
230 3383 397 3444 caelestium
413 3379 610 3458 praemiorum
629 3375 735 3456 gandia
751 3373 872 3450 adipisci
883 3369 1063 3447 mereamini,
1080 3371 1202 3432 audieu-

111 3494 153 3542 tes
177 3489 330 3560 paternam
357 3467 577 3532 desiderabilem
602 3485 719 3526 noceor
734 3463 814 3524 illam
844 3463 1001 3543 inquientis
1016 3467 1059 3542 ¹):
1098 3463 1203 3526 Venite

110 3555 922 3643 mnummpmtptunguuanpwdmto
940 3569 1145 3633 preoptatam
1162 3570 1203 3656 est

111 3665 147 3728 cd
165 3666 278 3742 origine
294 3657 403 3721 mundi.
706 3687 710 3695 ·
1019 3665 1022 3673 ⁴

168 3739 271 3832 Quare
296 3751 449 3814 direximus
472 3757 653 3830 praesentem
676 3757 808 3808 nostrum
826 3745 945 3808 Missum
966 3743 1130 3825 Georgium
1152 3760 1201 3803 re-

112 3848 349 3912 verendissimum
367 3863 401 3904 ac
419 3841 628 3906 sanctissimum
637 3841 770 3900 Fratrem
781 3849 812 3898 et
824 3838 1042 3918 coepiscopum
1058 3844 1202 3906 nostram,

115 3953 198 4021 atque
222 3936 455 4001 warneharium
486 3933 654 4016 religiosum
680 3930 827 3992 Abbatem
852 3930 971 3992 Missum
999 3935 1140 4000 vestrum,
1172 3934 1203 4004 et

24 4077 25 4080 ,
115 4033 318 4094 Thomaricum
339 4029 501 4104 Comitem,
532 4025 701 4110 magnificos
725 4023 843 4087 eosdem
867 4036 984 4084 nostros
1003 4021 1124 4092 Missos,
1152 4014 1203 4093 qui

113 4123 196 4188 vobis
215 4144 315 4186 omnes
334 4134 451 4186 nostros
471 4121 589 4188 dolores
609 4130 639 4180 et
658 4127 775 4180 cunctas
785 4115 992 4190 desolationes,
1012 4131 1082 4191 quas
1096 4107 1201 4174 alona

114 4217 310 4299 gohardorom
321 4227 422 4299 gente,
441 4226 471 4277 et
490 4232 592 4282 eorum
611 4223 749 4292 protervo
762 4211 846 4292 Rege
865 4208 940 4287 passi
959 4223 1065 4274 sumus,
1085 4211 1118 4272 et
1133 4199 1204 4272 assi·

155 4425 175 4476 ¹)
188 4424 273 4470 Mun.
290 4425 362 4484 xxv,
376 4433 413 4474 aa.
