2900 5086
814 399 827 438 h

53 621 166 680 huius
181 621 266 702 regni
286 619 415 679 ltaliae
405 637 435 678 m
453 626 639 697 perpetuum,
658 629 716 677 tam
731 613 787 676 sibi
803 615 971 677 facultatem
983 636 1182 683 successorem
1216 611 1218 618 ’

49 714 229 806 elegendl,
250 715 335 794 quam
354 731 482 782 summac
502 709 586 771 Sedis
605 710 796 792 Apostolicae
816 711 1004 772 Pontificem
1012 716 1181 779 ordinandi:

55 829 97 868 ac
123 829 188 888 per
206 807 264 868 boc
282 807 530 886 Archiepiscopos
549 825 601 864 seu
620 803 800 886 Episcopus,
828 815 863 864 tat
881 803 937 885 ipsi
956 815 1067 866 tan-tum
1088 811 1123 870 ab
1144 833 1182 874 eo

55 902 280 962 investituram
301 899 447 978 accipiant
467 909 497 957 et
517 898 780 971 consecrationem,
799 898 966 980 ubicunque
990 899 1181 986 pertinuerit3

57 997 207 1077 exceptis
226 996 281 1070 his,
302 1012 375 1072 quos
394 992 561 1071 Imperator
577 989 715 1051 Pontifici
736 999 766 1049 et
779 981 1088 1081 Archipresbyteris⁴)
1110 1018 1183 1058 con-

58 1091 173 1150 cessit.
212 1089 258 1148 Ita
280 1087 395 1146 demum
416 1085 578 1162 asserimus,
599 1085 679 1166 quod
699 1103 787 1144 nemo
808 1083 963 1164 deinceps,
984 1088 1182 1190 cuiuscunque

15 1183 17 1196 ’
57 1183 187 1264 gradus
212 1181 261 1242 vel
282 1177 473 1253 conditionis,
503 1191 552 1239 aut
572 1177 721 1261 diguitatis
741 1199 794 1238 seu
812 1178 982 1262 religionis,
1001 1155 1183 1264 eligendi⁸)

57 1275 193 1357 Regem
211 1273 412 1334 Patricium
389 1290 451 1337 srve
470 1271 647 1332 Pontificem
672 1289 801 1332 summae
821 1271 905 1331 Sedis
924 1271 1115 1351 Apostolicac
1133 1287 1185 1337 aut

56 1387 285 1446 quemcunque
288 1345 484 1447 Episcopum
513 1365 671 1427 ordinandi
689 1365 801 1426 babeat
823 1364 991 1425 facultatem
1001 1367 1032 1450 ⁸)
1057 1363 1108 1428 sed
1127 1371 1184 1430 soli

59 1461 170 1544 Regis
201 1459 337 1520 Romani
355 1457 478 1570 Imperii
506 1459 581 1522 hauc
615 1459 848 1538 reverendaml)
877 1457 968 1523 tribui
1003 1459 1183 1539 facultatem,

61 1573 165 1632 quatu
186 1552 294 1632 absque
315 1554 396 1614 omni
414 1553 539 1633 pecunia
560 1551 707 1632 disponat.

130 1651 163 1711 4.
202 1645 328 1729 Eroget,
347 1657 452 1726 utpote
464 1645 536 1720 Rex,
553 1645 980 1724 etPatriciatus⁸)Ilomanos.
1011 1645 1147 1720 Quod
1123 1667 1148 1707 sr
1167 1667 1184 1708 a

65 1749 189 1800 cuncto
211 1737 302 1798 Cler'o
324 1750 354 1798 et
372 1738 510 1802 universo
530 1738 644 1818 populo
665 1741 728 1818 quis
749 1739 874 1822 elIgatur
891 1739 1073 1820 Episcopus,
1092 1739 1185 1800 nisia

30 1895 39 1921 x
69 1831 162 1892 dicto
192 1831 277 1912 Rege
301 1829 437 1891 laudetur
462 1843 492 1892 et
515 1831 702 1907 investiatur,
728 1851 791 1892 non
816 1842 1013 1896 consecretur.
1062 1834 1184 1915 Siquis

23 1965 31 1980 .
67 1937 186 1986 contra
205 1926 280 1986 hanc
300 1924 448 2006 regulam,
478 1935 511 1989 ut
536 1922 742 1994 authoritatem
768 1924 970 2007 Apostolicam
995 1937 1025 1987 et
1047 1929 1185 1989 traditio·

65 2039 148 2077 nem
175 2015 284 2096 aliquid
309 2016 447 2092 molitus,
475 2027 525 2075 aut
539 2027 719 2100 ,temerator
747 2017 779 2078 in
803 2017 902 2098 aliquo
926 2033 1061 2100 repertus
1081 2021 1185 2098 luerit,

66 2111 137 2171 sive
153 2120 255 2170 contra
265 2109 322 2170 hoc
335 2121 468 2171 nostrum
482 2109 650 2172 Concilium
660 2111 691 2187 ⁰)
712 2131 812 2191 agens,
828 2112 899 2172 sciat
915 2134 946 2174 se
957 2115 988 2174 in
1007 2116 1080 2180 iram
1091 2115 1186 2176 sancti

67 2203 163 2266 Petri
182 2203 328 2285 Principis
340 2201 553 2284 Apostolorum
575 2215 605 2265 et
624 2204 676 2263 filii
695 2203 790 2262 nostri
809 2202 921 2264 domiui
937 2206 1089 2284 Otthonis,
1109 2210 1186 2270 eius·

70 2319 136 2378 que
159 2305 374 2373 successorum,
405 2307 435 2358 ct
460 2297 592 2358 bmnium
611 2295 871 2378 praedecessorum
890 2307 1063 2358 nostrorum
1080 2300 1189 2362 ceusu-¹

67 2411 158 2463 ram,
179 2399 208 2448 et
228 2389 279 2449 sub
301 2389 489 2450 anathematis
516 2391 633 2453 vinculo
659 2391 913 2469 emersuram10),
933 2409 967 2449 ac
986 2391 1118 2470 perhoc
1139 2415 1186 2452 ea-

72 2483 341 2543 communicationi
364 2483 534 2544 universalis
554 2484 703 2545 Ecclesiae
726 2483 879 2562 omnisque
898 2483 1004 2563 populi
1026 2483 1187 2548 Christiani

74 2597 148 2636 eum
169 2575 321 2636 subiacere
342 2576 533 2636 decernimus.
572 2577 708 2656 Insuper,
728 2575 784 2634 nisi
803 2595 819 2634 a
838 2573 918 2636 malo
945 2577 1118 2659 resipuerit,
1144 2581 1192 2641 ir-·

74 2655 243 2730 revocabili
273 2669 359 2728 exilio
392 2681 558 2750 prematur,
594 2669 641 2729 vel
671 2669 780 2730 ultimis
808 2667 957 2750 suppliciis
989 2671 1186 2754 feriatur¹¹).

75 2763 144 2838 Qui
169 2783 242 2822 vero
262 2783 319 2842 pro
340 2761 447 2820 iutuitu
468 2775 565 2825 custos
587 2776 617 2824 et
637 2765 812 2824 observator
832 2761 975 2838 extiterit,
1001 2762 1187 2830 benedictio-

75 2858 124 2916 nis
153 2855 277 2936 gratiam
301 2855 448 2932 'vitamque
476 2869 625 2915 aeternam
658 2879 723 2916 cum
749 2845 1016 2920 omnibus⁸sarretis
1042 2860 1105 2921 siue
1127 2861 1187 2924 fine

73 2959 228 3008 mereatur
246 2946 355 3007 habere
375 2948 407 3006 in
426 2947 716 3032 seculaseculorum,
736 2951 847 3008 Amen.
885 2951 922 3008 ln
942 2951 985 3009 bis
1005 2953 1074 3012 actis
1093 2956 1188 3015 inter-

76 3044 163 3102 suere
185 3041 344 3119 Semeros,
367 3039 579 3116 Proconsules,
598 3041 837 3119 Exarcbatus12)
856 3041 1107 3122 Vicemteueutes,
1124 3047 1187 3108 Re-

76 3135 208 3218 gionarii
229 3133 355 3213 Scholae
377 3131 571 3207 Graecorum,
1254 3209 1259 3220 ῃ

48 3247 55 3254 ’
140 3229 198 3310 [5.]
239 3227 377 3302 Arabum,
396 3227 578 3288 Judaeorum
595 3225 832 3308 etPagau'orum,
853 3225 929 3288 etde
941 3228 1100 3290 maioribus
1121 3250 1187 3291 om·
1211 3246 1222 3296 Τ

39 3329 44 3338 “
77 3323 162 3380 ιιίιιιιι
187 3321 363 3400 platearum:
404 3331 434 3379 et
459 3321 579 3398 insuper
604 3317 922 3400 omnesCardinalcs,
952 3319 1188 3404 Arcbiepiscopi,

72 3419 183 3474 lomnes
203 3411 374 3494 Presbyteri
396 3425 425 3472 et
443 3413 586 3493 Episcopi
608 3412 644 3472 de
665 3411 795 3472 finitimis
815 3411 991 3489 civitatibus,
1010 3413 1188 3478 Processua-

78 3508 126 3583 rii,
146 3507 273 3580 Notarii,
294 3505 472 3567 Cancellarii
492 3517 522 3566 et
542 3528 575 3566 ex
596 3506 676 3566 omni
703 3505 790 3587 plebe
809 3506 937 3566 Romani
958 3508 1087 3588 Imperii.
1126 3511 1189 3572 Da-

80 3611 142 3659 tum
172 3601 203 3658 in
230 3598 413 3660 Patriarchio
439 3599 646 3676 Lateranensi,
675 3601 838 3662 indictione
863 3601 917 3660 VI.
947 3623 1026 3663 auno
1062 3605 1202 3697 et‘dicti
1237 3655 1241 3663 ι
1336 3655 1341 3666 .

81 3693 192 3754 Domui
213 3691 342 3753 Othonis
361 3694 501 3770 secundo,
520 3692 676 3756 foeliciter.

283 4041 293 4078 c
365 3979 884 4083 Anmerhungen

145 4173 298 4254 ¹)Ueber
324 4178 373 4242 das
399 4181 544 4238 Potriza'ut
568 4176 653 4237 Karls
675 4177 728 4238 des
755 4178 885 4241 Grolsen
918 4177 1103 4262 vergi.qu
1130 4177 1187 4238 den

85 4269 274 4330 Kommentar
295 4293 331 4329 zu
351 4269 423 4350 Kap
433 4271 490 4345 Vl,
501 4269 532 4328 S
544 4275 608 4335 tto
643 4271 695 4332 Ich
717 4271 786 4354 hige
805 4269 870 4332 hier
889 4269 1089 4352 nachtrdglich
1109 4269 1188 4332 noch
1286 4351 1288 4360 ,

86 4361 251 4445 bolgendes
272 4363 374 4424 binzu:
395 4354 440 4424 Ιιιι
460 4363 621 4424 Decretum
637 4363 774 4426 Graecani
791 4363 914 4430 Distich
926 4363 1038 4440 LXIII,
1055 4385 1078 4423 c.
1089 4369 1138 4428 22
1149 4370 1188 4428 23

90 4453 183 4517 finden
211 4458 272 4518 sich
297 4457 513 4521 nachstehende
539 4459 667 4521 Worte.
703 4459 869 4520 Hadrianus
895 4467 991 4520 autem
1016 4457 1096 4538 Papa
1114 4479 1187 4527 cum
