2890 5092
723 399 819 467 ‘uuo

282 521 287 526 ·
756 503 764 528 r

236 556 640 642 sagaeltaterpcrpendentes,
660 567 758 618 nostm
779 553 881 642 eadem
900 551 1047 613 volumine
1067 547 1243 646 auctoritate
1264 565 1358 605 con-

145 707 147 730 ,
237 651 412 730 stabilimus,
435 663 608 730 vestraeque
633 647 772 730 religioni
796 647 827 706 in
849 645 958 708 Christi
977 641 1115 706 Ecclesiis
1141 637 1288 700 tradimus
1314 636 1359 696 ad

88 833 90 840 y
134 751 135 756 ’
238 745 404 828 legendum.

725 1203 856 1294 nxxr.
884 1213 887 1218 “

551 1351 763 1422 Epistula
789 1348 951 1404 veron
979 1345 1031 1402 nl.

245 1461 279 1514 ed
296 1455 466 1512 Garibaldutu
483 1452 652 1508 leodiensem
669 1451 830 1522 Episcopum
853 1449 885 1502 de
910 1469 971 1502 cura
989 1467 1068 1519 quam
1084 1447 1241 1504 instruendis
1260 1467 1354 1519 popu-

360 1541 391 1596 lis
408 1538 546 1612 praecipue
563 1551 623 1592 aute
640 1536 794 1607 baptismum
813 1533 936 1588 adbibere
953 1534 1049 1586 debent
1065 1531 1183 1586 Pastores
1193 1533 1228 1602 Ι)

302 1673 343 1740 In
360 1675 474 1734 nomine
492 1672 592 1732 Putris
610 1685 636 1732 et
656 1669 730 1730 Filii
748 1683 774 1730 et
792 1668 920 1746 Spiritum
938 1667 1049 1729 Scncti.
1066 1719 1068 1726 ,
1086 1665 1209 1727 caretro
1226 1668 1353 1726 sererem-

246 1771 335 1830 sc‘mus
353 1767 506 1844 Augustus
525 1787 544 1825 o
563 1763 629 1825 Deo
649 1778 816 1839 corcruetus,
840 1785 979 1839 magnus,
1001 1761 1160 1841 pacificus,
1184 1759 1354 1836 Imperator

247 1859 449 1921 Romanorum
464 1857 628 1936 gabe-mons
646 1857 820 1934 Imperium,
846 1859 896 1936 qui
921 1869 947 1915 et
966 1876 1023 1933 per·
1046 1845 1272 1914 muretensem
1291 1853 1353 1912 Dei

250 1953 324 2014 Rem
341 1951 525 2014 Francorum
543 1967 570 2013 et
588 1949 862 2029 Langobardorum,
887 1945 1048 2008 Goriboldo
1067 1945 1214 2022 Episcopo
1231 1951 1265 2006 in
1283 1947 1352 2006 Do-

251 2049 329 2107 mino
347 2045 474 2108 salutem.
513 2047 596 2106 Bene
616 2045 706 2128 igitur
725 2043 874 2106 recordari
896 2041 1039 2102 credimus
1058 2039 1251 2102 Sanctitatcm
1271 2052 1351 2100 tuam

251 2135 377 2219 qualiter
400 2140 514 2219 saepius
540 2139 571 2197 in
597 2137 755 2199 Conventu
781 2150 812 2198 et
832 2135 970 2198 Concilio
996 2145 1099 2214 nostro
1124 2135 1289 2195 monuimus
1315 2136 1352 2194 de

250 2229 468 2316 praedicatione
488 2233 520 2292 in
539 2243 637 2294 sancta
657 2233 716 2292 Dei
735 2229 877 2304 Ecclesia,
897 2239 930 2288 ut
940 2227 1139 2306 unusquisque
1157 2239 1282 2288 vestrum
1303 2249 1352 2288 se-

251 2321 378 2388 curldum
402 2335 570 2386 sanctorum
591 2325 747 2386 Canonum
774 2321 977 2383 auctoritatem
1004 2329 1035 2379 et
1058 2319 1226 2398 praedicare
1246 2333 1277 2381 et
1296 2322 1352 2382 do-

240 2406 318 2480 cere
339 2419 469 2480 deberet.
508 2417 609 2478 Primo
630 2420 759 2482 omniurn
780 2419 816 2478 de
843 2415 900 2474 fide
922 2412 1092 2485 Catholica;
1121 2425 1154 2473 ut
1174 2426 1204 2474 et
1223 2416 1273 2495 qui
1292 2437 1351 2476 am-

252 2512 327 2593 plius
348 2530 453 2590 capere
473 2529 535 2569 non
559 2509 711 2587 valuisset,
735 2511 938 2572 tantummodo
967 2491 1142 2568 Orationem
1165 2507 1351 2569 Dominicam

255 2590 289 2666 et¹
305 2601 478 2688 Symbolum
490 2601 583 2662 'Fidei
604 2603 787 2680 Catholicae,
807 2605 882 2665 sicut
899 2601 1038 2682 Apostoli
1058 2601 1233 2676 docuerunt,
1251 2613 1351 2663 tenere

144 2711 149 2716 ’
255 2710 287 2760 ct
304 2695 475 2758 memoriter
499 2695 623 2756 recitare
644 2699 801 2776 potuisset3
813 2707 852 2757 et
869 2709 902 2755 ut
921 2692 1017 2755 nullus
1039 2693 1075 2754 de
1095 2714 1178 2755 sacro
1199 2693 1281 2754 Fonte
1299 2693 1350 2754 ba-

255 2789 395 2870 ptismatis
419 2789 544 2870 aliquem
569 2789 716 2868 suscipere
740 2799 939 2870 praesumeret
965 2800 1121 2865 antequam
1148 2787 1285 2846 innestri
1303 2799 1351 2846 aut

254 2882 454 2943 ministrorum
473 2877 636 2942 vestror'um
663 2883 736 2943 sacri
758 2883 879 2945 Ordinis
906 2879 1069 2962 praesentia
1097 2879 1270 2940 Orationem
1288 2883 1350 2942 Do-

255 2975 391 3036 minicam
413 2985 443 3034 et
463 2971 635 3054 Symbolum
655 2977 802 3052 recitaret,
823 2987 853 3037 et
872 2973 989 3036 sicutin
1008 2973 1143 3052 proximo
1161 2974 1351 3054 comperimus

255 3069 287 3128 in
308 3067 355 3128 die
374 3067 575 3146 Apparitionis
594 3068 718 3152 Domini
738 3069 821 3129 multi
841 3067 961 3129 fuerunt
980 3067 1058 3145 apud
1077 3085 1131 3126 nos
1154 3067 1280 3143 inventi,
1303 3068 1351 3147 qui

255 3159 397 3222 volebant
416 3159 562 3238 suscipere
583 3159 709 3221 infantes
731 3162 767 3221 de
788 3159 974 3221 sacrofonte
995 3157 1186 3238 baptismatis,
1206 3179 1277 3238 quos
1295 3160 1351 3220 ins-

256 3253 343 3314 simus
362 3251 549 3336 singulariter
569 3264 599 3314 et
617 3253 774 3336 diligenter
800 3252 981 3328 examinare,
1009 3261 1039 3312 et
1067 3252 1217 3331 requirere
1237 3251 1260 3314 si
1280 3252 1352 3314 Ora-

70 3413 74 3422 ,
154 3402 157 3430 ἱ
197 3373 199 3380 v
255 3345 368 3404 tionem
391 3345 577 3406 Dominicam
603 3341 907 3428 et,Symbolum,'ut
932 3343 1175 3423 supradiximus,
1201 3345 1351 3408 scirentet

256 3437 381 3520 recitare
406 3435 583 3514 potuissent,
613 3457 710 3518 neque
738 3441 864 3519 aliquem
897 3437 933 3498 de
962 3457 1045 3497 sacro
1071 3436 1155 3498 fonte
1180 3437 1352 3519 baptismatis

257 3525 405 3607 suscipere
430 3539 657 3608 praesumerent.
700 3533 741 3591 Et
764 3532 849 3592 valde
876 3529 1081 3591 erubescentes
1108 3529 1228 3591 luerunt
1253 3551 1285 3591 er
1300 3531 1351 3594 bac

259 3629 357 3694 re‚'et
376 3619 522 3700 spondere
541 3619 683 3681 volebant
702 3634 743 3697 ut,
763 3623 786 3682 si
807 3643 977 3684 concessum
998 3624 1038 3684 eis
1058 3623 1174 3700 luisset,
1194 3624 1229 3684 ad
1247 3635 1353 3706 tempus

260 3711 318 3771 hoc
339 3711 549 3792 improperium
570 3733 586 3773 a
607 3734 637 3775 sc
658 3715 822 3795 potuissent
842 3717 966 3777 auferre.
1011 3717 1047 3776 In
1076 3737 1134 3796 quo
1156 3715 1223 3778 loco
1243 3719 1351 3780 intelle-

261 3803 352 3863 ximus
373 3805 453 3882 quod
473 3827 533 3866 non
555 3807 595 3868 eis
615 3805 671 3868 luit
692 3809 909 3885 convenientia,
930 3821 960 3869 ct
979 3811 1054 3870 sicut
1072 3811 1109 3868 in
1121 3808 1282 3890 Capitulari
1300 3833 1351 3873 no-

260 3907 321 3956 stro
342 3895 464 3974 potestis
481 3901 612 3978 reperire
629 3901 837 3988 discretionem
851 3901 955 3962 lectam
975 3901 1137 3980 habuimus,
1158 3914 1266 3982 quanto
1283 3916 1352 3964 tem-

260 4007 334 4067 pore
360 4008 391 4048 se
417 3991 614 4070 unusquisque
640 3995 788 4056 abstinere
814 3994 961 4055 debuisset
990 3995 1025 4055 ab
1053 3997 1109 4057 boc
1137 4017 1244 4076 opere,
1264 4019 1352 4078 ¹usque

262 4079 329 4141 dum
355 4081 449 4144 bonus
476 4082 627 4144 fideiussor
652 4108 713 4149 esse
738 4090 849 4151 valeret
874 4088 905 4149 in
930 4088 987 4148 boc
1013 4090 1136 4170 negotio
1162 4089 1285 4164 scilicet,
1307 4103 1353 4152 aut

263 4184 342 4232 certe
362 4175 456 4234 statim
477 4174 564 4235 alium
585 4175 730 4240 inveniret
749 4181 906 4255 scientem,
934 4191 984 4240 aut
1010 4183 1034 4242 si
1056 4182 1207 4243 infirmitas
1226 4202 1285 4245 non
1303 4183 1353 4243 inr-

267 4304 463 4322 mh—

304 4387 324 4438 ¹)
339 4387 484 4447 Bomos,
500 4395 527 4448 V,
542 4409 565 4452 p.
581 4399 633 4441 63⁰.
662 4395 694 4440 M
699 4404 810 4456 artene,
826 4399 937 4458 Amplior.
956 4399 1047 4446 collect.
1065 4401 1117 4456 Vll,
1134 4413 1158 4457 p.
1174 4403 1210 4446 19.
