2960 5094
92 605 192 680 datur,
202 615 232 664 et
245 581 282 664 ab
295 591 392 682 impiis
404 601 552 675 involetur
562 603 594 680 ¹)
605 573 699 684 atqbe'
707 601 932 664 contaminetur.
956 602 1114 668 Protestor
1122 627 1188 684 vos,
1229 601 1235 610 ⁸

93 697 270 758 dilectissimi
294 695 346 754 biii
366 695 425 754 mei
444 694 593 775 adoptivi,
617 715 670 774 per
695 695 816 777 gratiam
837 695 964 776 Spiritus
989 695 1090 766 Sancti
1115 721 1187 782 pro-

92 803 194 866 testor,
216 797 254 851 et.
266 789 351 850 nimis
370 788 550 848 coramllen
570 787 704 864 territtlli,
724 788 867 877 Creatoce
887 789 1029 867 omnium,
1046 793 1189 856 adhortor

90 895 179 963 atque
192 885 360 957 admoneo,
380 901 437 963 ego
456 879 618 961 Apostolus
627 879 810 958 DeiPetrus,
829 889 859 943 et
877 903 936 944 una
955 899 1069 944 mecum
1082 885 1188 948 Sancta

89 977 149 1036 Ilei
169 975 328 1038 Catholicae
348 985 378 1034 et
395 973 568 1053 Apostolica
587 973 731 1047 Ecclesia,
751 995 834 1052 quam
851 976 924 1039 mibi
942 976 1088 1041 Dominus
1108 998 1189 1042 com·

89 1070 183 1147 misit,¹
199 1066 244 1129 ire'
259 1067 409 1148 patiamini
428 1067 525 1146 perire
544 1066 621 1134 banc
642 1066 787 1128 civitatem
803 1068 976 1145 Romanam,
993 1069 1025 1130 iu
1044 1091 1102 1151 qna
1122 1092 1189 1134 cor-

89 1183 144 1241 pus
170 1183 271 1224 meum
294 1159 446 1222 coustituit
463 1159 627 1234 Dominus,
653 1178 740 1238 quam
756 1171 798 1220 .et
816 1162 887 1220 mibi
905 1166 1135 1242 commendavit,
1159 1177 1191 1226 et

90 1253 411 1314 fundamentum‘fidei
428 1253 599 1315 'constituit
642 1252 782 1316 Liberale
807 1273 872 1314 earn
897 1257 1005 1320 eteius
1024 1254 1191 1323 Romanum

43 1353 46 1360 “
90 1346 255 1426 populum„
268 1345 370 1408 sratres
382 1357 504 1421 vestros,
522 1356 555 1406 et
569 1359 758 1425 'nequaqnam
775 1343 874 1406 invadi
884 1351 1055 1425 permittatis
1075 1363 1192 1436 agente

89 1438 373 1520 Langobardorum:
399 1440 441 1500 sic
461 1460 524 1500 non
543 1440 602 1500 sint
620 1439 736 1517 invasae
756 1438 927 1517 provinciae
947 1451 977 1500 et
996 1446 1192 1521 possessiones

89 1543 206 1594 vestrae
232 1531 427 1616 agentibus,
453 1551 524 1611 quas
549 1531 702 1612 ignoratis.
744 1533 814 1592 Nou
839 1533 1017 1612 separemini
1040 1557 1056 1596 a
1079 1537 1195 1616 populo

91 1645 159 1686 meo
178 1626 332 1690 Romano:
359 1626 400 1688 sic
426 1643 489 1687 non
509 1624 574 1694 ¹sitis
591 1623 684 1692 *alieni
709 1635 759 1684 aut
777 1625 903 1704 separati
928 1647 950 1686 a·
964 1639 1059 1710 regno
1079 1628 1137 1696 Dei
1163 1640 1194 1690 et

91 1719 149 1782 vita
175 1729 307 1782 aeterua.
353 1714 507 1800 Quidquid
535 1717 613 1778 enim
638 1717 765 1798 poscetis
790 1737 807 1776 a
830 1738 893 1794 mc,
917 1717 1086 1788 subveniam
1109 1721 1193 1782 vobis

90 1810 242 1886 videlicet,
260 1822 294 1872 et
313 1812 513 1892 patrocinium
528 1811 705 1892 impendam.
744 1809 914 1874 Subvenite·
926 1812 1039 1892 populo
1051 1815 1195 1874 meolto-
1219 1851 1221 1861 ι

90 1923 199 1978 mano,
223 1903 365 1968 fratribus
380 1906 485 1970 vestris.
504 1919 534 1968 et
552 1906 712 1986 perfectius
732 1903 898 1981 decertate,
924 1916 1012 1985 atque
1031 1906 1118 1974 linem
1137 1907 1194 1964 im-

91 1997 200 2076 ponite
226 1997 263 2054 ad
288 1997 472 2058 liberandum
498 2020 557 2060 eos.
601 1999 707 2060 Nullus
732 1998 810 2060 enim
829 1999 937 2080 accipit
961 2018 1118 2073 coronam,
1143 1998 1194 2076 qui

90 2109 155 2148 non
183 2087 319 2168 legitime
339 2088 545 2152 decertaverit:
572 2103 602 2152 et
624 2112 678 2152 vos
699 2091 846 2154 decertate
867 2092 986 2153 fortiter
1008 2110 1064 2171 pro
1085 2089 1193 2152 libera-

92 2181 177 2242 tione
198 2191 318 2241 sanctae
335 2177 395 2238 Dei
413 2181 576 2256 Ecclesiae,
594 2203 633 2244 ne
652 2184 684 2242 in
703 2195 852 2244 aeternum
870 2184 1005 2264 pereatis.
1099 2223 1102 2232 ‹

168 2273 309 2335 Coniuro
330 2291 398 2348 vos,
424 2273 565 2350 coniurp,
592 2285 626 2333 ut
650 2272 816 2352 praelatum
839 2287 898 2349 est,
923 2274 1115 2349 dilectissimi,
1140 2294 1195 2354 per

94 2367 196 2426 Deum
214 2366 326 2440 vivum,
344 2377 376 2426 et
395 2366 518 2428 omniuo
539 2377 705 2447 protestor,
726 2364 848 2424 minime
866 2365 1039 2443 permittatis
1056 2366 1133 2424 banc
1152 2367 1195 2426 ci·
1237 2405 1245 2428 t

95 2459 220 2528 νίωρω
239 2477 331 2519 meam
349 2460 529 2536 Romanam,
555 2473 585 2520 et
603 2461 635 2520 iu
655 2479 690 2520 ea
710 2458 893 2522 habitantem
912 2454 1053 2535 populum
1073 2457 1196 2537 amplius
1249 2495 1252 2503 =

95 2571 113 2610 a
133 2561 225 2633 gente
244 2551 509 2633 Langobardorum
527 2553 647 2629 laniari,
665 2573 704 2614 ne
723 2551 871 2612 lanientur
890 2561 921 2610 et
940 2549 1107 2610 crucientur
1127 2572 1195 2612 cor-

96 2665 171 2723 pora
183 2655 216 2706 et
225 2645 340 2706 animae
349 2659 464 2708 vestrae
482 2649 514 2706 in
533 2657 656 2708 aeterno
676 2657 765 2726 atque
784 2644 815 2704 iu
835 2641 1033 2732 exstinguibili
1049 2643 1194 2708 Tartareo

97 2737 166 2819 igue
188 2760 256 2799 cum
275 2738 394 2800 diabolo
423 2753 453 2801 et
473 2741 534 2802 eius
554 2739 701 2822 pestiferis
720 2736 859 2820 Angelis;
883 2746 914 2796 et
932 2753 971 2796 ne
991 2735 1195 2820 dispergentur

99 2832 222 2912 amplius
248 2853 317 2894 oves
341 2834 614 2916 Dominicigregis
637 2827 751 2894 mibi'a
777 2832 845 2892 Deo
860 2829 1033 2905 commissi,
1058 2829 1197 2892 videlicet

100 2927 226 3006 populus
246 2927 409 2990 Romanus:
434 2929 476 2988 sic
498 2947 561 2988 non
585 2947 637 2989 vos
662 2926 811 3006 dispergat
837 2935 867 2984 et
885 2922 1022 3003 proiiciat
1039 2923 1196 2999 Dominus,
1277 3003 1280 3010 Ι

98 3019 171 3079 sicut
190 3021 369 3082 Israelitions
388 3020 514 3102 populns
535 3019 680 3099 dispersus
703 3030 755 3080 cst.
803 3015 991 3078 Declaratum
1016 3016 1126 3095 quippe
1151 3026 1196 3076 est

100 3113 177 3189 quod
200 3134 289 3193 super
308 3133 409 3174 omues
429 3125 549 3195 gentes,
573 3133 647 3192 quae
666 3112 719 3172 sub
740 3110 823 3172 caelo
843 3121 925 3185 sunt,
948 3119 1044 3171 vestra
1063 3107 1195 3168 Franco-
1245 3114 1248 3122 '

100 3223 158 3264 rum
178 3225 258 3288 gens
282 3227 376 3286 prona
401 3207 473 3266 mibi
491 3206 639 3288 Apostolo
658 3204 718 3266 Dei
736 3203 827 3264 Petro
848 3203 970 3264 exstitit:
996 3213 1026 3261 ct
1049 3199 1118 3258 ideo
1137 3200 1195 3259 Ec-

100 3296 234 3372 clesiam,
260 3319 345 3376 quam
363 3300 435 3360 mibi
454 3300 536 3360 Deus
555 3299 689 3373 tradidit,
712 3297 797 3358 vobis
816 3317 872 3376 per
889 3315 990 3352 manns
1008 3287 1119 3350 Vicarii
1137 3289 1195 3350 mei

101 3391 307 3452 commendavi
325 3393 362 3450 ad
380 3392 564 3452 liberandum
584 3393 621 3452 de
640 3386 774 3448 manibus
789 3384 981 3452 inimicorum.
1018 3381 1195 3470 Firmissime

103 3485 180 3545 cuim
203 3473 304 3544 tenete
325 3483 405 3562 quod
425 3503 483 3564 ego
502 3501 601 3542 servus
619 3479 694 3555 Dei,
712 3487 831 3539 vocatus
849 3476 1025 3557 Apostolus,
1045 3474 1076 3536 in
1097 3477 1195 3536 omni-

104 3577 156 3637 bns
174 3577 279 3642 vestris
298 3574 528 3651 necessitatibus,
548 3573 707 3634 dummodo
725 3570 839 3652 precati
858 3570 935 3645 estis,
954 3569 1105 3630 auxiliatus
1120 3591 1196 3644 sum,

105 3681 134 3728 et
156 3669 311 3730 victoriam
337 3691 391 3750 per
409 3668 469 3729 Dei
492 3669 628 3730 virtutem
653 3665 738 3728 vobis
764 3665 800 3726 de
821 3664 945 3724 inimicis
967 3662 1071 3726 vestris
1094 3661 1195 3737 tribui,

105 3773 134 3822 et
152 3763 253 3824 inante
273 3762 428 3822 attribuam
448 3759 651 3837 nihilominus,
670 3759 799 3833 credite,
818 3757 842 3818 si
862 3758 898 3818 ad
916 3755 1101 3816 liberandum
1120 3755 1195 3814 banc

104 3875 197 3916 meam
217 3856 362 3918 civitatem
374 3855 535 3916 Romanam
554 3855 640 3916 nimis
659 3847 1023 3916 velociterconcnrreritis.
1060 3847 1194 3912 Memen-

106 3957 169 4006 tote
195 3959 224 4008 et
242 3947 317 4026 hoc,
343 3947 492 4028 quomodo
514 3959 543 4008 et
560 3947 694 4008 inimicos
716 3945 841 4006 Sanctae
859 3941 918 4002 Dei
936 3940 1101 4015 Ecclesiae,
1127 3941 1195 3998 dum
1248 3981 1250 3988 .

29 4119 30 4122 ¹
107 4052 208 4102 contra
226 4063 278 4105 vos
298 4041 439 4124 praelium
452 4041 635 4124 ingruerunt,
655 4037 779 4115 avobis,
799 4037 849 4118 qui
868 4057 958 4116 parvo
978 4051 1101 4094 numero
1122 4049 1194 4090 cou-

106 4143 151 4192 tra
172 4153 222 4196 cos
241 4135 344 4212 fuistis,
367 4147 554 4214 prosternere
574 4134 642 4196 leci.
681 4133 741 4195 Pro
762 4153 822 4214 quo
843 4131 988 4192 decertate
1007 4129 1083 4187 banc
1101 4142 1195 4182 meam

107 4225 247 4290 velociter
270 4227 429 4309 adimplere
456 4227 703 4306 admonitionem,
732 4237 765 4286 ut
784 4225 941 4306 perfectius
959 4239 1056 4282 meum
1076 4215 1195 4300 adipisci

108 4367 303 4384 Μ-

151 4436 172 4488 ¹)
187 4435 304 4484 violetur?
323 4461 326 4470 ·
