2960 5094
810 395 868 466 1⁸

293 555 361 618 dum
386 552 505 634 addam
529 551 649 634 longam
673 564 704 612 et
728 551 884 633 spatiosus
908 550 1089 630 provinciam
1114 552 1334 631 properavimus
1363 567 1398 616 et

292 665 363 727 pree
383 645 487 726 fatigio
506 645 595 709 validi
613 643 726 710 itineris
746 664 815 706 caro
835 653 935 706 nostra
954 643 1082 708 minuata
1108 655 1165 704 ests
1195 644 1236 708 sic
1259 646 1343 709 vacui
1362 658 1396 708 et

293 737 483 814 infructuosi,
513 739 576 818 sine
602 738 712 802 effectu
736 735 861 800 iustitiae
885 736 994 800 reversi
1019 757 1125 798 sumus.
1173 738 1312 800 Attamen
1336 759 1396 800 nos

291 834 425 896 infelices
444 832 520 898 iusto
539 832 729 896 Dominicum
750 841 939 910 praeceptum
959 829 1088 910 egimus,
1117 839 1147 888 et
1166 849 1268 892 omnes
1293 852 1396 900 causas

291 928 327 988 B.
346 926 431 988 Petri
455 925 541 990 vobis
565 922 846 994 commendavimuss
874 936 906 984 et
927 925 1012 986 vobis
1034 926 1165 1016 pertinet
1189 924 1248 990 boc
1274 925 1335 988 sive
1356 925 1399 987 ad

293 1031 446 1100 peceatum
466 1017 527 1080 sive
547 1015 583 1078 ad
602 1016 775 1078 mercedem.
820 1015 895 1078 Nsm
916 1027 947 1076 et
966 1039 1069 1080 omnes
1088 1029 1191 1100 gentes
1210 1018 1250 1078 ita
1269 1018 1396 1082 firmiter

277 1100 447 1189 «sendum,
468 1112 548 1192 quod
557 1111 591 1170 B.
602 1109 705 1170 Petrus
725 1129 804 1170 nunc
823 1129 879 1188 per
892 1111 1228 1176 votmmdortissimuu
1240 1109 1391 1172 brachium

262 1226 376 1286 „suam
393 1203 572 1286 percepisset
590 1200 739 1277 iustitiam,
759 1213 789 1264 et
808 1203 916 1264 facttum
935 1224 998 1264 non
1020 1217 1073 1282 est,
1094 1216 1124 1266 et
1141 1205 1174 1264 iu
1192 1193 1307 1284 inaguo'
1322 1223 1391 1264 cor·

292 1299 337 1359 dis
356 1309 476 1379 stupore
495 1297 530 1358 de
550 1293 608 1356 boc
628 1313 730 1356 omues
750 1285 920 1358 euenerunt.
950 1297 1012 1358 Sed
1031 1307 1103 1377 peto
1120 1295 1391 1370 excellentissimam

291 1391 459 1452 Bonitatem
481 1399 621 1462 vestram,
644 1397 678 1448 ut
700 1387 876 1469 vituperium
900 1388 958 1450 boc
983 1389 1157 1471 agentibus
1176 1387 1330 1462 auferatis,
1360 1399 1391 1448 et

291 1485 426 1546 omnibus
450 1481 538 1542 fidem
562 1491 687 1542 vestram
712 1481 852 1561 operibus
877 1482 1041 1556 ostendite,
1071 1499 1109 1542 eo
1134 1482 1214 1561 quod
1238 1481 1326 1556 fides,
1357 1492 1391 1540 ut

290 1578 513 1658 scriptumest,
543 1572 605 1634 sine
631 1572 769 1653 operibus
795 1575 891 1636 otiose
911 1586 963 1636 est.
1009 1571 1084 1636 Cum
1110 1595 1166 1654 qua
1186 1574 1264 1648 enim
1285 1574 1389 1637 fiducia

289 1682 341 1732 cot
359 1665 534 1732 fortitudine
550 1666 586 1726 ad
607 1667 814 1749 expugnandos
834 1667 969 1728 inimicos
988 1680 1100 1729 vestros
1118 1688 1245 1750 pergere
1255 1667 1389 1752 potestis,

132 1771 136 1779 “
176 1823 185 1839 ,
289 1763 316 1824 si
333 1761 470 1822 iustitiam
487 1760 521 1820 B.
538 1760 631 1838 Petri,
651 1773 683 1821 ut
700 1760 872 1841 promisistis
892 1772 923 1820 et
942 1759 1086 1835 initiastis,
1105 1781 1168 1820 non
1186 1759 1389 1841 perfeceritis?

290 1854 325 1916 si
345 1853 434 1930 euim,
452 1865 486 1916 ut
500 1854 648 1934 coepistis,
668 1853 807 1934 operibus
820 1853 1057 1934 adimpleveritis,
1077 1853 1156 1914 eritis
1167 1873 1283 1932 semper
1292 1853 1386 1914 victo-

290 1966 337 2006 res
357 1957 388 2006 et
406 1945 556 2006 fortissimi
575 1967 663 2026 super
681 1958 793 2006 vestros
812 1946 964 2022 inimicos,
983 1957 1014 2008 ct
1032 1966 1170 2027 praesens
1189 1963 1315 2026 regnum
1333 1965 1388 2024 per

288 2037 448 2102 multorum
468 2057 612 2100 annorum
630 2039 722 2120 spatis
742 2057 808 2100 cum
828 2037 907 2099 bora
927 2037 1114 2120 possidebitis
1134 2037 1226 2110 fsms,
1251 2047 1282 2096 et
1299 2038 1387 2098 vitam

288 2115 456 2212 percipietis
474 2143 632 2194 aeternum.
676 2133 775 2194 Tanto
801 2131 886 2212 operi
905 2131 1059 2194 direximus
1078 2131 1115 2190 sd
1132 2150 1187 2190 vos
1204 2129 1387 2192 Wilbarium

288 2213 559 2287 reverendissimum
578 2235 609 2285 et
628 2224 836 2286 sanctissimum
856 2224 990 2284 Fratrem
1009 2233 1042 2282 et
1062 2218 1282 2302 Coepiscopum
1302 2234 1332 2284 et
1350 2223 1386 2282 fi-

287 2317 395 2393 delem,
418 2317 468 2398 qui
487 2317 571 2380 vobis
591 2318 690 2380 omnia
711 2319 747 2378 dc
766 2326 866 2375 nostra
886 2311 1078 2374 tribulatione
1097 2325 1129 2376 et
1147 2335 1231 2376 causa
1249 2316 1284 2379 B.
1303 2315 1386 2376 Petri

286 2409 412 2488 proprio
433 2430 486 2472 ore
505 2419 638 2483 coesset,
657 2407 705 2470 cui
723 2407 754 2466 in
774 2404 910 2468 omnibus
930 2405 1051 2468 credere
1070 2407 1210 2483 iubeatis,
1230 2421 1261 2468 et
1280 2408 1385 2470 exitum

288 2500 401 2562 bonum
419 2499 450 2560 in
471 2519 555 2560 seusa
574 2499 608 2556 B.
628 2498 711 2558 Petri
736 2519 857 2578 ponere.
901 2498 1083 2562 Incolumem
1103 2500 1313 2562 Excellentiam
1332 2520 1383 2564 ve·
1470 2535 1476 2559 t

286 2602 375 2656 susm
394 2591 488 2672 grstia
506 2609 633 2670 superne
653 2591 806 2654 custodiat
843 2593 926 2652 Bene
944 2591 1048 2654 valete.

735 2751 935 2764 m·-

316 2929 321 2940 .
796 2878 871 2946 Vll.

302 2999 479 3072 Eptstots
492 2998 684 3070 Stephon!
700 3003 756 3058 11.
780 3001 913 3073 Popoe
935 3007 986 3060 esst
1008 3005 1201 3062 dommum
1217 3005 1367 3075 mseras

450 3083 592 3156 Pippinum
611 3082 635 3138 ct'
653 3085 835 3140 Cerolum¹vel
854 3087 1066 3153 carlomannum,
1082 3108 1127 3142 scu
1145 3090 1218 3142 omni

284 3163 453 3237 generalitsli,
474 3171 503 3222 in
524 3169 630 3223 nomine
646 3169 725 3240 ipsius
742 3171 830 3240 Papae
847 3173 1045 3242 comprehensa,
1066 3193 1116 3242 pro
1134 3175 1293 3230 desolatione
1310 3189 1335 3230 et
1352 3180 1385 3230 de

285 3254 423 3306 cassatione
438 3267 541 3310 sauctae
556 3253 609 3306 nst
624 3253 755 3308 Ecclesiae
773 3269 799 3307 et
814 3257 886 3310 urbis
903 3258 1049 3310 Romanus:
1077 3275 1125 3326 pes
1142 3257 1296 3328 Georgium,
1318 3262 1385 3332 Epi-

283 3355 406 3404 scopum.
434 3353 458 3394 et
474 3338 684 3396 Waroclcsrium
700 3342 843 3408 Abbstesn,
873 3358 898 3396 et
916 3340 1102 3396 'l'bornaricusn
1121 3340 1265 3404 Comitem,
1289 3345 1383 3400 blissos

282 3417 362 3488 ipsius
379 3417 530 3485 Apostolici,
547 3422 651 3486 directo,
667 3425 824 3491 postulando
841 3424 927 3480 nimiis
937 3445 996 3478 ousn
1009 3425 1214 3482 adiurationibus
1224 3423 1383 3484 adiutorium

662 3519 751 3561 contra
766 3507 952 3571 Langobardos
966 3508 1001 3578 ¹).

338 3616 465 3678 Domnis
486 3616 729 3680 excellentissimis
741 3619 881 3700 Pippino,
901 3619 1012 3680 Carolo
1025 3632 1055 3680 et
1068 3618 1268 3684 Carlomanno
1288 3624 1382 3688 tribus

160 3721 182 3792 J
282 3708 425 3792 Regibus,
444 3720 475 3769 et
493 3709 601 3769 nostris
619 3707 822 3771 Romanorum
832 3713 979 3792 Patriciis;
998 3733 1049 3778 seu
1069 3714 1382 3797 omnibusEpiscopis,

282 3801 463 3877 Abbatibus,
483 3799 665 3884 Presbyteris
684 3815 714 3864 et
733 3805 896 3882 Monacbis‚
915 3825 967 3868 seu
986 3805 1136 3888 gloriossis
1157 3807 1295 3886 ducibus,
1316 3810 1381 3872 Co-

280 3893 413 3970 mitibus,
436 3893 484 3957 vel
508 3907 615 3956 cuncto
641 3899 779 3961 exercitui
797 3899 882 3981 regni
902 3911 932 3962 et
950 3900 1121 3980 provinciae
1133 3903 1166 3978 ²)
1185 3901 1381 3974 Francorum

282 3987 448 4070 Stephanus
466 3987 562 4074 Papa,
589 4001 619 4050 et
638 4011 739 4053 omnes
758 3991 914 4071 Episcopi,
938 3989 1121 4074 Presbyteri,
1144 3993 1309 4072 Diacones,
1328 4015 1381 4056 seu

280 4079 395 4157 Duces,
423 4077 595 4159 Cortularii,
624 4085 770 4160 Comites,
795 4084 937 4162 Tribuni,
955 4096 999 4145 ·et
1022 4085 1171 4148 universus
1196 4087 1323 4168 populus
1348 4101 1382 4148 et

280 4197 479 4218 ,W

322 4251 342 4300 ¹)
363 4249 418 4299 cod.
435 4249 534 4296 Corolia.
554 4253 594 4300 tv.
615 4253 764 4314 Bossqssst,
782 4251 810 4308 V,
824 4267 850 4309 p.
864 4255 993 4300 tto-492.
1021 4253 1177 4299 ommutesce
1193 4255 1225 4300 irs
1239 4253 1311 4302 delere
1326 4261 1380 4304 7⁵⁵.

279 4314 392 4359 Berselbe
404 4317 473 4362 Briel'
482 4317 525 4362 mit
538 4319 630 4382 einiger
643 4319 756 4366 Zusiitseu
768 4317 800 4361 im
815 4317 870 4362 cod.
889 4317 989 4366 Corolia.
1004 4319 1044 4365 Vl.
1060 4319 1145 4378 Boup,
1158 4323 1187 4378 V,
1201 4337 1224 4378 p.
1240 4324 1380 4378 ⁴92-t953

279 4393 310 4422 na
321 4379 407 4437 Pippia
419 4383 488 4429 attstn
500 4385 620 4444 gerlebtet.
635 4411 659 4422 -
674 4385 701 4436 ⁸)
715 4383 836 4430 stooism'a
846 4385 879 4430 im
891 4385 1033 4432 ttssttistess
1046 4385 1125 4433 bione·
