2908 5094
577 415 681 516 ιιι

66 601 163 679 tor'es,
182 612 348 665 tornatores
359 603 393 680 ι)
410 601 626 682 carpentarios,
644 604 802 682 scutarios,
821 603 996 684 piscatores,
1018 601 1169 686 aucipites,

66 700 164 770 idest
183 696 431 775 aucellatnrcs2),
449 695 632 776 saponarios,
651 697 871 775 ficeratores³),
891 697 922 756 id
942 707 986 758 est
1005 697 1055 776 qni
1075 702 1169 760 cervi·

64 814 125 852 sam
145 791 194 853 vel
215 791 389 872 pomatium,
408 790 469 850 sive
488 790 635 868 piratium,
653 790 700 850 vel
719 791 1006 871 aliudquodcunquc
1021 790 1171 870 liquamen

64 885 101 945 ad
121 885 288 946 hibendum
308 895 410 962 aptum
429 880 520 945 tuerit
539 882 636 943 iacere
656 883 757 958 sciant,
776 881 900 964 pistores
921 885 971 965 qui
990 884 1115 947 similelm
1134 888 1171 948 ad

64 999 139 1058 opus
160 990 298 1040 nostrum
323 975 448 1050 faciant,
471 976 643 1052 retiatores,
670 977 721 1055 qui
744 977 817 1037 retia
841 978 939 1039 iacere
964 977 1042 1040 bene
1067 981 1172 1057 sciant,

63 1083 122 1131 tam
144 1072 184 1131 ad
203 1069 382 1143 venandum,
402 1088 486 1147 quam
508 1069 545 1130 ad
564 1069 746 1148 piscandum,
766 1069 825 1130 sive
844 1071 880 1130 ad
899 1092 965 1133 aves
984 1072 1172 1154 capiendum·

63 1184 188 1224 necnon
220 1175 251 1224 et
280 1161 410 1241 reliquos
441 1162 645 1225 ministeriales
681 1155 758 1243 quos
789 1165 828 1224 ad
860 1167 1081 1227 numerandum
1100 1165 1169 1228 lon-

62 1278 134 1340 gum
156 1268 213 1316 est.
1079 1275 1082 1286 ·
1165 1293 1169 1306 .

120 1349 234 1410 XLVI.
272 1350 316 1410 Ut
333 1349 416 1411 lucos
434 1361 563 1427 nostros,
583 1341 959 1450 quosvutgus'trogilost)
978 1345 1081 1428 vocat,¹
1093 1354 1174 1418 bene

63 1443 219 1504 custodire
238 1443 364 1519 saciant,
376 1455 407 1503 et
426 1443 462 1504 ad
481 1457 597 1524 tempus
621 1466 739 1526 semper
758 1439 951 1517 emendent,
958 1454 988 1502 et
1006 1443 1170 1511 nuliatenus

63 1548 239 1617 exspectent
256 1549 289 1597 ιιι
307 1557 427 1599 necesse
447 1538 485 1598 sit
504 1557 520 1598 a
540 1557 620 1598 novo
640 1538 842 1626 reaedificare,
861 1535 995 1598 similiter
1014 1537 1122 1600 lauant
1141 1552 1171 1600 et

65 1633 100 1692 de
121 1631 207 1692 omni
226 1631 371 1692 aedilicio.

120 1725 249 1786 XLVII.
287 1725 332 1782 Ut
351 1735 506 1784 venatores
526 1723 634 1800 nostri,
660 1735 690 1784 et
707 1723 863 1784 falconarii
887 1723 934 1784 vel
959 1723 1065 1804 reliqui
1084 1725 1172 1784 mini

63 1819 216 1893 steriaies,
241 1817 292 1897 qui
317 1816 439 1877 uobis
429 1837 460 1878 ιι
484 1816 593 1898 palatio
619 1817 738 1878 adsidue
763 1816 956 1890 deserviunt,
965 1815 1149 1878 consilium
1138 1839 1194 1896 ru,

64 1913 148 1974 villas
169 1922 285 1972 nostras
303 1909 433 1970 babeant
451 1912 610 1975 secuudum
630 1911 711 1988 quod
729 1931 784 1970 nos
810 1923 861 1970 aut
883 1910 987 1993 regina
1012 1932 1067 1991 per
1090 1899 1171 1970 litte·¹

63 2024 110 2066 ras
131 2017 250 2064 nostras
268 2003 444 2074 iusserimus,
463 2002 581 2079 qnando
603 2002 640 2062 ad
658 2001 784 2081 aliquam
802 2003 956 2064 utilitatem
968 2011 1098 2063 nostram
1118 2025 1171 2064 eos

62 2097 241 2171 miserImus,
260 2106 312 2154 aut
330 2089 504 2169 sinescalcus
524 2105 554 2153 et
565 2093 753 2158 buticularius
773 2097 813 2158 de,
828 2089 939 2159 nostro
950 2097 1042 2160 verbo
1055 2097 1097 2159 eis
1116 2097 1170 2158 ali-
1281 2128 1284 2138 ·

64 2193 136 2271 quid
155 2191 256 2251 iacere
274 2185 490 2268 praeceperint.
993 2208 995 2216 ’

122 2283 264 2344 XLVIII.
309 2281 354 2338 Ut
377 2277 571 2338 torcularia
561 2299 593 2337 ιιι
621 2275 697 2337 villis
723 2279 830 2338 nostris
854 2279 933 2340 bene
963 2283 1021 2344 sint
1044 2297 1171 2363 praepa·

64 2390 140 2454 rata,
160 2378 267 2437 ethos
285 2372 476 2454 praevideant
495 2371 617 2446 iudices,
637 2381 670 2429 ut
688 2369 850 2432 vindemias·
854 2382 954 2430 nostra
972 2372 1080 2431 nuilus
1074 2375 1169 2451 pedi-

66 2472 122 2531 bus
142 2489 279 2550 premere
298 2477 473 2547 praesumat,
492 2463 544 2525 sed
564 2462 663 2524 omnia
682 2463 775 2524 nitida
796 2474 826 2525 et
845 2464 971 2524 honesta
990 2464 1058 2524 sint.
1112 2497 1114 2504 ,
1138 2475 1140 2482 ’

122 2561 232 2622 XLIX.
270 2561 315 2620 Ut
333 2558 444 2644 genitia
462 2567 563 2617 nostra
582 2556 660 2617 bene
679 2555 739 2616 sint
755 2556 901 2632 ordinata,
920 2557 951 2618 id
970 2569 1015 2618 est
1034 2556 1081 2618 de
1077 2558 1170 2636 casis,

68 2657 146 2737 pislis
157 2659 200 2735 Ι)
218 2653 341 2738 teguriis
351 2654 393 2731 θ)
412 2651 442 2711 id
462 2662 507 2712 est
525 2649 707 2730 screonisi),
732 2661 763 2710 et
781 2669 864 2730 sepes
884 2651 1007 2712 bonas
997 2673 1028 2711 m
1049 2649 1171 2712 ebenitu

67 2751 212 2827 babeant,
236 2761 267 2810 et
289 2759 389 2830 portas
416 2746 512 2865 mutas
542 2744 668 2825 qualiter
692 2763 784 2826 opera
809 2755 911 2808 nostra
929 2744 1018 2806 bene
1027 2737 1172 2862 peragere

67 2845 192 2906 valeant.

120 2939 155 2998 L.
195 2938 240 2996 Ut
258 2935 456 3014 unnsquisque
479 2935 565 2995 iudex
590 2933 775 3014 praevideat,
799 2934 901 3012 quanti
921 2933 1065 3014 poledri
1055 2955 1091 2993 m·
1105 2953 1171 2993 uno

69 3031 180 3093 stabulo
201 3040 280 3092 stare
300 3027 438 3102 debeant,
458 3038 489 3087 et
508 3026 610 3106 quanti
629 3026 790 3133 poledrarii
803 3047 869 3085 cum
889 3026 957 3134 ipsis
970 3047 1033 3086 esse
1043 3027 1168 3106 possint,

69 3136 97 3183 et
113 3125 170 3206 ipsi
189 3121 362 3205 poledrarii,
382 3121 432 3200 qui
453 3119 538 3180 liberi
557 3129 636 3194 suut,
649 3130 686 3178 et
705 3119 737 3178 in
756 3119 822 3198 ipso
839 3117 1002 3178 ministerio
1021 3116 1169 3176 beneficia

69 3217 234 3294 habuerim,
254 3218 291 3277 de
310 3215 429 3276 illorum
447 3213 547 3274 vivunt
567 3209 732 3287 beneficiis,
752 3211 892 3271 similiter
911 3222 942 3270 et
959 3209 1098 3281 fiscalini,
1118 3205 1171 3286 qni

69 3331 177 3377 mansas
196 3309 356 3370 habuerint
374 3308 443 3367 inde
461 3307 578 3382 vivant,
602 3316 633 3365 et
655 3306 706 3384 qui
730 3306 791 3364 hoc
813 3323 876 3362 non
901 3299 1038 3361 habuerit
1055 3297 1092 3359 de
1112 3299 1167 3360 do-

69 3404 171 3467 minica
192 3401 318 3482 accipiat
335 3399 568 3480 provendam⁸).

120 3498 171 3559 LI.
210 3494 386 3557 Praesident
403 3488 602 3570 unusquisque
626 3487 712 3550 index
736 3500 769 3548 ut
791 3487 933 3550 sementia
952 3497 1064 3548 nostra
1062 3482 1167 3549 'uulla-

70 3599 150 3652 teuus
169 3612 254 3674 pravi
244 3587 406 3648 'homines
425 3583 527 3645 subtus
545 3595 665 3660 terram,
684 3582 731 3644 vel
745 3581 836 3645 aliubi
849 3580 1029 3642 abscondere
1040 3581 1166 3668 p'ossin't,

71 3694 99 3742 et
115 3697 240 3766 propter
258 3681 316 3742 hoc
334 3679 433 3739 messis
452 3675 549 3738 rarior
568 3675 632 3752 fiat,
657 3676 790 3737 similiter
815 3685 846 3735 et
870 3675 907 3764 de
934 3673 997 3734 aliis
1016 3673 1170 3762 maleficiis

70 3771 133 3838 iilos
150 3776 342 3859 praevideant
359 3793 399 3834 ue
418 3769 576 3852 aliquando
594 3769 693 3831 iacere
712 3769 834 3850 possint
933 3773 936 3780 '
963 3777 965 3784 ’

123 3870 188 3932 LII.
226 3867 371 3930 Volumus
391 3875 425 3925 ut
444 3866 480 3926 de
499 3863 602 3924 fiscalis
621 3863 668 3926 rel
687 3863 776 3924 servis
795 3859 919 3935 uostris,
942 3859 1002 3922 sive
1022 3859 1087 3920 de'
1077 3874 1164 3940 roge·
1242 3881 1244 3889 ·

73 3959 134 4020 uuis
153 3964 202 4043 qni
220 3981 276 4043 per
293 3960 390 4035 fiscos,
409 3969 459 4020 ant
477 3956 561 4019 villas
579 3967 695 4017 nostras
715 3965 902 4016 commanent
921 3953 1041 4014 dirersis
1067 3948 1163 4010 homi-

72 4051 154 4115 nibus
179 4057 296 4138 plenam
327 4064 358 4114 et
387 4052 531 4132 integram
567 4049 682 4130 qualem
712 4047 869 4109 habuerint
903 4047 1027 4108 reddere
1055 4035 1164 4100 ludant

73 4143 212 4210 iustitiam.
497 4143 512 4172 χ

75 4250 266 4272 Ἣ

17 4337 18 4344 ¹
113 4313 132 4364 ¹)
149 4316 306 4361 ttamen·
332 4317 356 4368 ²)
369 4315 530 4358 nattum-
557 4314 581 4365 ³)
596 4312 694 4358 ilrnusr.
721 4338 745 4348 -
772 4313 795 4363 ⁴)
808 4309 906 4354 BrtiitIe.

17 4355 19 4404 l
111 4379 132 4433 ⁸)
145 4382 377 4430 Arbaitutubenff
405 4383 428 4434 θ)
441 4381 573 4438 Stltuppon.
600 4405 625 4414 -
653 4381 676 4432 ²)
690 4378 809 4426 scienciae.

112 4445 134 4498 ⁸)
145 4449 258 4507 Putate,
270 4451 382 4507 Dspntrt.
