2960 5094
796 431 854 500 70

165 609 172 630 ‘
275 596 419 660 sessiones
438 603 467 654 ct
485 585 652 652 habitacula
669 585 801 668 undique
817 605 932 650 versum
956 585 1107 663 ordinata,
1130 597 1165 647 ut
1183 586 1308 670 clangor
1325 597 1381 648 tn-

190 707 199 727 ’
275 690 380 750 barum
397 685 476 748 inter
494 681 609 766 singula
627 690 727 762 posset
745 679 884 760 cuiusque
903 680 948 742 rei
957 678 1163 764 significativus
1175 679 1297 742 adverti.
1328 681 1384 741 Ad

275 783 327 843 bas
353 772 426 863 erg‘o
452 775 629 838 munitiones
655 793 711 853 per
734 773 875 834 ducentos
895 784 926 834 et
945 793 982 834 eo
1002 773 1125 854 amplius
1145 788 1238 833 annos
1258 772 1385 858 quales-

276 891 392 952 cunque
413 869 543 932 omnium
555 865 780 930 occidentalium
793 865 904 928 diuitias
916 877 1143 948 congregantes,
1162 885 1228 926 cum
1238 876 1270 926 et
1278 865 1385 928 Gothi

276 962 472 1028 etuWandali
492 961 620 1041 quietem
645 958 812 1020 mortalium
836 957 1060 1038 perturbarent,
1091 959 1194 1020 orbem
1219 959 1384 1020 occiduum

274 1077 370 1141 paene
394 1075 517 1118 vacuum
541 1053 719 1114 dimiserunt.
765 1050 850 1126 Quos
874 1051 994 1112 tandem
1018 1051 1221 1114 invictissimus
1248 1051 1384 1116 mentm

215 1209 217 1218 ,
274 1153 316 1216 ita
336 1151 368 1212 in
387 1148 471 1212 annis
491 1159 560 1209 octo
580 1143 762 1225 perdomuit,
786 1153 820 1202 ut
839 1143 875 1204 de
896 1143 936 1204 eis
956 1143 1147 1204 neminimus
1167 1143 1286 1225 quidem
1305 1143 1384 1205 reli-

276 1244 358 1325 quias
387 1259 559 1323 permanere
589 1235 762 1317 permiserit.
811 1235 1037 1329 ABplgrribus
1065 1257 1137 1298 vero
1163 1237 1232 1298 ideo
1255 1256 1383 1298 manum

273 1336 408 1411 retraxit,
428 1333 496 1415 quie
514 1328 665 1402 videlicet,
685 1327 781 1389 Hunis
801 1328 962 1405 exstinctis,
986 1351 1080 1414 regno
1100 1330 1282 1392 Francorum
1300 1329 1384 1392 nibil

273 1430 404 1496 nocituri
421 1427 602 1490 viderentur.
646 1420 745 1484 Porro
772 1423 911 1501 praedam
930 1423 962 1482 in
982 1423 1136 1488 Pannonia
1154 1435 1303 1505 repertam
1322 1443 1384 1504 pcr

147 1550 151 1556 ·
253 1522 425 1612 ⁵episcopia
442 1518 490 1582 vel
509 1513 686 1597 monaster-ia
704 1513 905 1576 liberalissima
925 1515 1067 1580 divisione
1087 1517 1242 1580 distribuit.

725 1727 924 1744 m

769 1915 873 1988 XXV.

311 2047 371 2106 nat
393 2043 624 2104 rutundam
637 2031 1073 2184 ¹lt'e'ttpasuureonlusom
1096 2039 1146 2098 de
1167 2039 1335 2100 victer-t·

667 2175 669 2180 .
767 2141 838 2183 m
853 2141 910 2184 ee.

330 2263 455 2328 Karnine
480 2265 574 2350 gratia
598 2265 657 2328 Dei
681 2263 745 2325 Rex
767 2263 950 2322 Francorum
975 2269 1006 2321 et
1030 2237 1306 2342 Langobardorum,
1338 2279 1384 2326 ac

273 2357 412 2420 Patritius
437 2349 655 2432 Romanorum,
685 2355 809 2416 dilectae
838 2352 924 2412 nobis
949 2361 979 2413 et
1001 2351 1086 2414 valde
1111 2353 1227 2414 amrbili
1251 2352 1383 2436 coniugi

179 2463 193 2516 .“
272 2465 394 2514 nostrae
411 2453 569 2514 Fastredae
589 2450 731 2530 Reginae.
774 2445 906 2506 Salutem
931 2445 1085 2508 amabilem
1110 2446 1166 2506 tibi
1190 2447 1221 2506 in
1239 2443 1381 2506 Domino

273 2565 328 2624 per
337 2545 392 2604 bos
400 2543 496 2622 apices
504 2543 621 2600 mittere
631 2539 802 2615 studuimus,
815 2549 845 2599 et
854 2559 909 2618 per
918 2547 948 2600 te
962 2539 1130 2604 dulcissimis
1142 2538 1259 2600 filiabus
1266 2539 1383 2599 nostrin

272 2637 323 2714 pel
338 2636 444 2698 ceteris
458 2631 593 2694 fidelibus
609 2632 716 2692 nestris
735 2643 833 2692 tecum
851 2633 1046 2694 manentibus.
1076 2633 1226 2694 Scientem
1244 2643 1275 2692 te
1294 2632 1380 2692 euim

272 2729 395 2792 iacimus
406 2728 472 2810 quia
486 2727 593 2807 gratias
605 2726 673 2784 Deo
684 2724 746 2785 sani
759 2727 789 2784 et
800 2725 872 2787 salvi
883 2747 989 2787 sumus.
1017 2726 1121 2788 Missus
1138 2725 1257 2805 quidem
1274 2724 1379 2786 dilecti

272 2820 326 2882 filii
339 2817 572 2898 nostriPippini,
591 2817 712 2884 nomine
731 2816 793 2892 ille,
812 2817 899 2880 nobis
919 2818 1064 2880 nuntiarit
1084 2818 1119 2879 ds
1131 2819 1193 2879 eius
1203 2818 1325 2878 sanitate
1337 2836 1376 2876 sc
1448 2840 1457 2866 ι

276 2909 574 2991 dominiApostolici,
593 2909 641 2971 vel
661 2910 698 2970 de
710 2910 874 2972 salvatione
887 2910 1048 2972 confinium
1058 2923 1227 2972 nostrorum
1237 2909 1293 2970 illis
1303 2929 1376 2988 par·

274 3005 351 3068 tibus
369 3004 547 3087 positorum:
566 3002 645 3064 unde
657 3002 742 3064 valde
758 3003 907 3066 laetificati
918 3003 1071 3079 ertitimus.
1095 3005 1134 3064 Et
1145 3004 1265 3083 insuper
1273 3000 1377 3062 retulit

275 3098 362 3160 notis
382 3097 508 3178 qualiter
525 3096 594 3158 illae
612 3117 722 3173 serrae,
745 3118 816 3176 quas
835 3097 915 3176 prius
936 3096 972 3155 de
992 3094 1077 3154 Italia
1095 3094 1228 3156 iussimus
1247 3104 1375 3176 pergere

274 3191 405 3276 partibus
423 3190 567 3266 Aretias,
585 3189 617 3250 in
631 3190 688 3252 *illa
709 3188 837 3250 confinia
856 3186 1058 3260 residendum,
1077 3199 1277 3265 pervenerunt
1295 3186 1374 3246 inira

244 3325 252 3342 2
274 3285 347 3348 fines
358 3287 489 3366 ipsorum
501 3285 537 3346 X.
548 3279 693 3346 Kalendas
706 3279 900 3361 Septembris,
915 3289 945 3339 et
955 3275 1086 3338 inierunt
1097 3297 1227 3361 pugnam
1238 3299 1304 3340 cum
1316 3278 1373 3340 eis:

274 3387 307 3438 et
324 3378 406 3436 dedit
424 3379 468 3437 cia
484 3379 565 3438 Deus
585 3376 774 3456 omnipotens
792 3393 849 3455 pro
868 3392 920 3434 sua
938 3369 1138 3432 misericordia
1156 3371 1323 3443 victoriam,
1344 3382 1374 3432 et

233 3504 251 3554 s·
273 3467 489 3532 multitudinem
509 3467 545 3528 de
564 3467 757 3544 ipsisunris
775 3465 998 3540 interfecerunt,
1016 3463 1048 3524 in
1068 3473 1190 3537 tantum,
1208 3472 1242 3522 ut
1262 3462 1375 3541 dicunt,

274 3559 356 3640 quod
381 3558 413 3618 in
437 3557 535 3618 multis
560 3555 663 3618 diebus
683 3557 782 3616 maior
806 3567 917 3638 strages
942 3558 978 3620 de
997 3555 1067 3637 ipsis
1085 3553 1187 3618 Avaris
1207 3555 1284 3616 facta
1309 3576 1375 3617 non

275 3651 339 3714 tute.
381 3651 422 3712 Et
448 3649 684 3732 exspoliaverunt
705 3647 800 3728 ipsum
823 3647 945 3725 vallum,
975 3660 1007 3710 et
1023 3649 1162 3712 sederunt
1179 3647 1291 3710 ibidem
1309 3650 1374 3730 ipsa

246 3743 248 3748 ’
275 3754 363 3808 nocte
382 3743 430 3806 vel
449 3744 481 3803 in
501 3741 626 3806 crastina
644 3761 735 3821 usque
755 3743 829 3804 bora
848 3740 907 3802 diei
930 3741 1026 3804 tertia.
1067 3742 1110 3802 Et
1126 3742 1253 3822 acceptis
1270 3741 1374 3822 spoliis

123 3868 125 3876 ι
224 3873 235 3892 ,ι
274 3835 383 3899 reversi
402 3835 518 3896 suntin
538 3853 625 3916 pace:
646 3846 677 3898 et
695 3843 811 3897 centum
831 3833 1043 3917 quinquaginta
1063 3835 1099 3896 de
1118 3833 1187 3915 ipsis
1205 3833 1309 3896 Avaris
1327 3835 1373 3897 vi·

62 3974 64 3982 .
146 3980 154 4000 ,
273 3951 325 3994 vos
345 3927 648 4010 comprehenderunt,
679 3947 752 4008 quos
775 3937 1012 4003 reservaverunt,
1039 3937 1073 3991 ut
1095 3938 1196 3988 nostra
1214 3927 1266 3988 fiat
1283 3927 1373 3990 iussio

163 4068 168 4082 2
274 4023 401 4106 qualiter
419 4020 523 4084 exinde
547 4041 635 4105 agere
661 4021 796 4082 debeant
837 4020 955 4082 Fideles
973 4019 1033 4081 Dei
1052 4039 1085 4081 ac
1104 4019 1213 4094 nostri,
1244 4020 1295 4099 qui
1313 4019 1373 4081 boe

159 4131 163 4182 ἶ
271 4128 417 4199 egerunt,
440 4114 560 4176 luerunt
578 4113 628 4176 ille
646 4114 827 4195 Episcopus,
859 4113 909 4200 illc
927 4113 1010 4188 Dux,
1040 4111 1091 4172 ille
1111 4123 1141 4174 et
1158 4110 1208 4174 ille
1230 4108 1373 4174 Comites.

272 4195 330 4271 Ille
348 4213 417 4272 Dux
435 4209 473 4270 de
492 4207 613 4285 Histria,
630 4218 664 4268 ut
682 4203 792 4268 dictum
811 4217 856 4270 est
873 4205 971 4283 nobis,
989 4205 1100 4268 ibidem
1118 4204 1196 4267 bene
1214 4205 1288 4266 lecit
1306 4219 1374 4266 eum

272 4301 331 4364 suis
350 4301 528 4386 bominibus·
607 4359 610 4366 .

329 4393 416 4458 Vassi
432 4416 504 4460 vero
522 4395 617 4460 nostri
636 4391 756 4457 inerunt
773 4391 826 4454 illi.
855 4389 918 4456 Nos
936 4403 1044 4469 autem,
1062 4391 1194 4455 Domino
1205 4385 1376 4471 adiurabte,
