2890 5092
487 443 769 558 ¹uol'

65 619 204 698 pediret,
224 630 406 700 exspectaret
425 622 462 682 de
481 620 591 682 Pascha
610 643 701 704 nsque
720 623 752 699 in
767 623 977 716 Pentecosten,
997 628 1091 688 donec
1111 629 1175 710 lpse

67 710 204 771 disceret
224 729 274 788 ea,
301 731 376 791 quae
395 733 482 793 supra
503 713 578 774 dicta
598 719 673 774 sunt.
715 717 801 777 Nunc
826 729 922 778 autem
948 719 1045 780 denuo
1070 743 1175 784 moue-

66 808 140 864 mus'
157 816 192 864 ut
208 825 355 867 memores
375 805 452 880 sitis,
466 805 552 878 ,sicut
572 808 728 882 condecet,¹
746 811 781 869 de
800 810 963 871 ministerio
983 811 1177 891 Sacerdotali,

68 895 316 960 reconventum
340 897 471 959 habeatis
497 919 562 960 cum
586 899 688 961 vestris
715 899 938 964 Sacerdotibus:
965 915 996 965 et
1019 907 1177 990 diligenter

69 1010 197 1052 omnem
215 989 261 1052 rei
279 990 431 1052 veritatem
450 993 591 1071 requirite
611 1007 642 1056 et
662 995 834 1066 examinatc3
853 995 893 1054 ita
912 996 949 1055 ut¹
965 1016 1039 1077 opus
1053 998 1176 1059 Domini

69 1103 134 1142 non
156 1093 335 1166 praetereat,
355 1104 410 1144 nec
430 1084 526 1164 aliqua
545 1087 699 1168 requisitio
718 1085 803 1154 vobis
824 1087 926 1150 exinde
946 1087 997 1150 fiat
1016 1102 1084 1178 ante
1104 1112 1176 1154 con-

69 1189 210 1254 spectum
231 1179 357 1244 Sanctae
376 1178 543 1240 Maiestatis.

530 1402 729 1413 Μ

560 1628 699 1700 LXXll.

384 1769 562 1840 uptstota
585 1772 720 1830 veroli
743 1773 879 1844 Illum

122 1901 126 1908 ·
215 1876 248 1928 ad
265 1873 391 1944 quosdam
408 1871 554 1944 Episcopos
571 1875 605 1925 da
623 1875 778 1946 septiformis
795 1877 908 1948 Spiritus
924 1877 1047 1946 qratia¹).

133 2007 269 2069 Κανοῑιω
287 2005 386 2065 divina
411 2004 610 2066 misericordia
628 2007 701 2068 Reae
719 2009 903 2072 Francorum
925 2025 953 2072 et
970 2004 1183 2086 Langobardo-

74 2123 144 2162 mna
164 2123 201 2161 ur
218 2100 366 2160 Patricius
383 2097 585 2160 Rornanorum
603 2100 821 2185 Hatubatdoa),
844 2101 1091 2184 Magindmto³)‚
1111 2101 1184 2180 A'gi·

75 2179 178 2272 rio⁴),
201 2190 393 2272 Gerdodfi),
413 2189 634 2272 Honriodo⁶)‚
654 2198 759 2254 sanats
782 2195 945 2274 Episcopis.
986 2197 1102 2256 Gratias
1123 2195 1186 2277 agi-

74 2309 143 2347 mus
166 2286 321 2346 Sanctitati
347 2283 461 2348 vestrae
487 2287 554 2366 quia
579 2286 616 2346 ad
639 2285 820 2348 familiariter
850 2308 867 2346 a
891 2287 978 2346 nobis
1004 2287 1186 2367 interrogata

77 2378 226 2437 familiare
247 2379 333 2438 nobis
352 2399 524 2459 responsum
546 2379 614 2438 dare
634 2377 783 2451 voluistis;
802 2390 832 2439 ct
853 2399 926 2460 quae
939 2379 1064 2440 caritatis
1082 2378 1186 2440 iustine
1240 2404 1246 2414 ·

77 2481 131 2530 ctu
152 2481 267 2530 vestrae
286 2469 449 2530 Dilectioni
474 2471 556 2530 fuere
576 2473 747 2552 proposita,
773 2473 876 2532 eadem
902 2471 1031 2532 dictante
1057 2469 1188 2546 caritate,

77 2563 160 2622 iuxta
182 2563 262 2641 quod
281 2563 365 2624 vobis
385 2563 476 2625 visum
498 2561 556 2642 es't,
582 2577 651 2625 sunt
675 2557 891 2644 nobis¹'absque
911 2563 1118 2625 retractatione
1138 2583 1188 2624 so·
1258 2576 1263 2593 ·

79 2655 156 2714 luta,
185 2653 246 2713 Sed
265 2655 365 2735 ipsius,
386 2677 459 2735 quae
479 2678 495 2716 a
515 2670 610 2718 vestra
629 2659 792 2718 Sanctitate
805 2658 893 2718 nobis
905 2659 970 2718 data
990 2668 1044 2731 est,
1062 2675 1188 2735 respon-

80 2747 174 2808 sionis
195 2747 269 2808 ordo
291 2747 449 2824 videndus,
475 2761 505 2810 et
525 2749 603 2830 apud
622 2763 748 2812 vestram
767 2751 969 2812 Dilectionem
989 2749 1085 2810 intimi
1104 2748 1135 2807 in
1155 2768 1190 2809 ea

81 2861 184 2901 sensus
202 2840 329 2900 medulla
349 2842 565 2922 perquirenda,
587 2855 621 2902 ut
647 2855 677 2904 et
696 2845 818 2924 qualitas
838 2856 957 2904 nostrae
976 2843 1189 2924 interrogatio-

81 2934 126 2994 nis
148 2944 306 3013 appareat,
334 2945 364 2992 et
388 2937 492 2995 modus
512 2947 625 2996 vestrae
645 2937 848 3016 responsionis
868 2937 1015 3016 patentius
1036 2936 1189 2996 elucescat.

84 3025 188 3085 Sancti
209 3024 317 3084 etenim
337 3025 452 3101 Patres,
472 3027 533 3105 qui,
552 3039 585 3087 ut
603 3029 710 3088 veteris
722 3028 907 3088 Testamenti
920 3030 995 3088 serie
1015 3028 1132 3110 legitur,
1153 3027 1189 3088 ab

83 3117 171 3178 initio
191 3119 259 3178 Deo
280 3121 441 3199 placentes,
461 3120 537 3180 banc
556 3119 698 3195 nltimam,
717 3119 891 3181 scd’Christi
910 3121 1037 3181 adventu
1056 3121 1190 3181 felicissi-

83 3234 161 3272 mam
182 3211 291 3274 saeculi
315 3225 439 3274 aetatem
464 3212 614 3293 probitate
641 3234 757 3274 morum
783 3224 812 3274 ct
831 3213 1003 3274 meritorum
1022 3213 1192 3294 multiplici-

11 3373 12 3378 ,
84 3316 145 3368 tate
166 3317 400 3388 praecesserunt,
420 3305 521 3366 Sancti
531 3306 658 3387 Spiritus
668 3306 791 3387 gratiam
812 3305 921 3384 absque
931 3297 991 3363 ulla
1002 3303 1191 3390 ambiguitate

86 3411 116 3458 et
134 3399 284 3481 accepisse
304 3409 334 3457 et
352 3397 486 3474 babuisse
506 3399 647 3458 credendi
672 3409 747 3458 sunt.
787 3397 862 3472 Quis
882 3397 960 3456 enim
980 3417 1108 3478 unquam
1128 3401 1191 3481 pla-

90 3493 152 3552 cuit
171 3493 240 3552 Dco
262 3510 363 3552 carens
384 3489 486 3549 Sancti
507 3490 635 3570 Spiritus
656 3489 757 3550 dono?
778 3489 839 3550 Sed
858 3501 891 3550 ut
914 3493 1115 3571 responsionis
1140 3515 1191 3578 νεε-1

87 3595 163 3646 strae
185 3597 266 3644 textu
285 3583 470 3659 continetur,
497 3583 599 3643 eadem
621 3582 651 3642 S.
673 3583 800 3664 Spiritus
822 3583 900 3644 dona
920 3584 1035 3668 singula
1059 3585 1191 3670 singulos

88 3677 266 3758 Sanctorum
292 3676 443 3754 babuisse,
474 3689 504 3738 et
532 3677 564 3736 in
584 3675 704 3737 Christo
732 3689 837 3738 cuncta
863 3675 990 3756 pleniter
1015 3679 1192 3743 inhabitasse

92 3771 292 3852 cognovimus.
335 3771 419 3846 Quae
440 3781 473 3830 ut
492 3769 573 3829 firma
593 3769 724 3831 veritatis
743 3769 859 3840 ratione
879 3767 999 3830 subnixa
1018 3773 1192 3852 probamus:

90 3865 140 3923 sed
165 3885 351 3944 nequaquam
376 3864 550 3924 arbitramur
576 3863 740 3942 quemlibet
769 3871 936 3922 sanctorum
961 3861 1082 3926 Patrum
1107 3869 1192 3927 unius

92 3955 291 4038 singularitate
312 3958 384 4018 doni
403 3957 491 4018 fuisse
511 3967 700 4017 contentum:
721 3977 786 4014 cum
805 3954 863 4013 hoc
883 3953 947 4015 fieri
967 3979 1029 4018 non
1049 3980 1135 4038 posse
1156 3960 1192 4020 de

21 4031 30 4050 ’
93 4047 218 4138 ipsarum
239 4051 388 4112 vocabulis
408 4051 568 4134 gratiarum
588 4048 725 4110 facillime
745 4047 838 4126 possit
858 4048 969 4109 adverti
990 4062 1049 4110 etc.
1091 4079 1096 4089 ¹

137 4210 157 4260 1)
172 4207 336 4263 Mabillorr,
351 4175 457 4255 Analect.
473 4212 513 4268 Ἠ,
527 4226 551 4267 p.
567 4213 617 4256 ⁵12.
644 4208 793 4265 Bouquct,
808 4209 836 4264 V,
852 4223 874 4264 p.
890 4212 944 4254 622.

135 4278 157 4327 ²)
171 4277 271 4320 fliscbol'
279 4290 327 4320 von
340 4275 418 4320 cuttu.
445 4303 470 4310 -
497 4280 519 4326 θ)
537 4277 563 4318 Β.
578 4290 601 4318 v.
617 4275 707 4318 llonen.
736 4297 761 4306 -
788 4274 812 4323 ⁴)
827 4275 856 4320 B.
871 4275 1033 4332 mllergamo.

136 4343 158 4392 1)
172 4345 200 4397 ll.
215 4359 241 4388 v.
256 4341 378 4389 metator
391 4342 478 4398 (apter.
494 4343 645 4393 maneb).
672 4363 697 4374 ·-
725 4342 747 4392 θ)
762 4341 791 4386 Β.
803 4355 826 4385 v.
843 4339 970 4388 Touloure.
