2890 5092
576 451 677 520 181*
752 483 758 504 ι

151 577 189 660 iit
204 605 327 678 Episcopi
344 621 368 659 et
386 605 429 660 alii
447 605 542 660 Clerici
560 625 633 660 canes
652 609 684 660 ad
701 609 848 684 terrendum
868 622 911 661 out
929 587 1077 688 deceptores

519 709 574 742 non
592 691 709 749 babeant.

37 865 41 876 Ι
118 791 211 852 xlx:
239 793 283 852 Ut
302 790 454 870 Episcopi,
474 789 620 864 Abbates,
639 789 823 874 Presbyteri,
842 794 986 870 Diaconi,
1006 793 1160 876 nudusque
1199 845 1202 857 .

63 885 201 945 exomni
226 885 333 958 Clero,
358 901 444 941 canes
469 883 505 942 ad
529 883 709 972 venandum,
738 898 787 946 aut
806 898 989 967 acceptores,
1019 886 1159 962 falcones,

60 997 112 1036 seu
137 977 302 1056 sparvarios
327 967 437 1046 babere
460 986 658 1054 praesumant3
683 977 734 1036 sed
759 977 884 1056 pleniter
907 1001 938 1041 se
962 979 1160 1059 unusquisque

61 1069 91 1127 in
112 1070 220 1130 ordine
246 1089 299 1128 suo
326 1067 467 1128 canonice
492 1067 539 1129 vel
563 1068 739 1150 regulariter
764 1071 936 1131 custodiant
982 1073 1044 1148 Qui
1063 1083 1159 1132 autem
1218 1055 1248 1147 i,

60 1161 301 1240 praesumpserit,
320 1160 390 1220 sciat
401 1151 598 1240 {unusquisque
617 1161 763 1222 bonorem
783 1157 865 1220 souin
881 1164 1012 1241 perdere.
1042 1164 1162 1225 (laeteri

58 1275 133 1314 vero
154 1254 215 1313 tale
236 1251 337 1312 exinde
358 1250 494 1316 damnum
517 1253 681 1333 patiantur,
710 1266 743 1314 nt
766 1253 872 1333 reliqui
898 1266 1006 1314 metum
1031 1255 1160 1317 habeant
1185 1263 1189 1281 '
1321 1319 1324 1328 ,

59 1347 120 1407 tale
141 1345 201 1407 sibi
220 1365 366 1438 usurpare.

57 1492 94 1546 Ut
111 1491 266 1547 Abbatissae
276 1491 522 1546 etSanctimoniales
536 1494 602 1546 intra
616 1493 721 1548 claustra
733 1511 778 1545 sua
796 1506 923 1557 maneant,
940 1511 988 1546 nec
1002 1493 1161 1558 egrediantur

170 1577 174 1587 ⁴
343 1577 439 1646 absque
457 1576 559 1629 licentia
578 1591 602 1629 et
622 1577 729 1630 consilio
747 1577 879 1650 Episcopi.

113 1674 182 1735 XX.
221 1675 265 1733 Ut
273 1673 445 1735 Abbatissae
464 1697 522 1736 una
542 1699 608 1738 cum
620 1676 896 1740 sanctimonialibus
915 1675 972 1738 suis
984 1677 1160 1737 unanimiter
1195 1697 1198 1704 ’

59 1790 91 1828 ac
112 1767 274 1851 diligenter
293 1767 370 1826 inira
390 1767 512 1828 claustra
531 1790 562 1830 se
581 1770 757 1845 custodiunt,¹
775 1783 805 1830 et
816 1769 980 1830 nullatenus
995 1768 1068 1829 foris
1080 1769 1157 1828 clau·
1241 1818 1245 1828 „

59 1872 116 1920 stra
135 1861 181 1920 ire
201 1872 396 1940 praesumant.
426 1861 486 1922 Sed
497 1857 670 1925 Abbatissae
687 1862 831 1924 comm
850 1867 973 1944 propter
991 1863 1103 1942 aliquas
1122 1862 1158 1923 de

59 1953 341 2034 Sanctimonialibus
365 1953 511 2036 dirigere,
542 1956 600 2014 hoe
630 1975 812 2034 nequaquam
840 1955 950 2036 absque
981 1955 1098 2016 licentia
1130 1966 1160 2016 et

60 2046 187 2108 consilio
207 2045 349 2125 Episcopi
368 2046 409 2106 sic
428 2046 544 2106 iaciant
585 2046 724 2108 Similiter
744 2061 774 2107 et
793 2070 857 2113 cum
869 2048 1090 2110 ordinationem
1104 2047 1158 2106 ali·
1180 2067 1184 2074 ’

60 2160 145 2218 quam
166 2139 199 2202 iu
218 2138 405 2200 Monasteriis
429 2159 518 2220 agere
545 2138 687 2212 debeant,
711 2139 759 2200 vel
783 2140 892 2220 aliquas
916 2135 948 2200 ih
972 2140 1158 2202 Monasteriis

58 2233 248 2314 receptiones
268 2230 376 2306 iacere,
396 2241 426 2291 et
445 2231 502 2290 hoc
522 2251 587 2290 eum
607 2229 762 2310 Episcopis
781 2233 838 2293 suis
857 2231 985 2310 pleniter
1003 2244 1088 2292 antea
1108 2252 1155 2292 re-
1246 2287 1249 2294 ,
1342 2223 1345 2236 '

58 2335 206 2400 tractent3
233 2335 263 2384 et
288 2325 369 2403 quod
387 2322 529 2384 salubrius
552 2323 600 2384 vel
624 2321 723 2382 utilius
748 2323 813 2384 fieri
836 2323 986 2402 disponat,
1015 2324 1156 2401 Episcopi

56 2416 294 2496 Arcbiepiscopo
305 2417 491 2492 annuntient,
510 2427 540 2477 et
559 2437 625 2477 curu
645 2415 706 2476 eius
726 2416 850 2504 consilio
871 2435 945 2496 quae
957 2413 1070 2496 agenda
1090 2425 1157 2474 sunt

58 2508 259 2588 perficiantur.

222 2663 258 2716 Ut
275 2663 419 2736 Presbyteri
438 2663 571 2718 Comitum
588 2663 724 2735 Episcopis
745 2663 795 2718 suis
817 2663 924 2718 subiecti
938 2633 999 2718 hine.
1071 2678 1074 2691 ·

113 2761 197 2822 ΧΧῙ.
236 2764 279 2823 Ut
301 2763 493 2844 Presbyteros
519 2785 552 2825 ac
576 2776 708 2826 caeteros
729 2763 898 2825 Canonicos
926 2783 999 2843 quos
1025 2758 1155 2820 Comites

62 2856 169 2916 suisio
189 2855 358 2917 ministeriis
377 2855 503 2933 hahent,
527 2857 649 2918 omnino
676 2878 729 2918 eos
746 2856 901 2936 Episcopis
927 2855 984 2916 suis
1008 2852 1155 2938 subiectos
1258 2861 1260 2879 ¹

61 2947 225 3024 exhibeant,
244 2960 277 3009 ut
296 2949 437 3010 canonica
456 2949 601 3010 institutio
619 2941 723 3022 iubet}
742 2961 772 3012 et
796 2949 832 3012 dc
857 2949 902 3008 bis
920 2946 1074 3027 Episcopis
1099 2944 1155 3004 suis

61 3040 188 3118 pleniter
205 3042 259 3102 sub
279 3053 378 3102 sancta
398 3041 549 3120 disciplina
570 3063 620 3102 eos
641 3040 756 3102 erudire
767 3040 825 3099 sint
835 3039 1062 3112 consentientes,
1081 3035 1162 3098 sicut

61 3128 189 3228 nostram
208 3135 330 3218 gratiam
349 3133 397 3196 vel
415 3155 482 3195 suos
501 3135 630 3195 bonores
649 3134 759 3195 habere
779 3133 953 3194 desiderant

245 3288 282 3340 Ut
299 3287 418 3340 canonici
434 3288 545 3358 pleniter
566 3289 643 3342 vitam
662 3288 814 3342 canonicam
832 3288 973 3340 observent.

113 3389 212 3450 XXII.
253 3385 399 3448 Canonici
418 3398 513 3446 autem
532 3388 661 3467 pleniter
683 3388 772 3447 vitam
798 3383 956 3448 observent
974 3376 1155 3459 canonicam,
1174 3402 1179 3420 ²

10 3515 11 3538 r
64 3491 91 3541 et
107 3483 138 3544 in
159 3484 251 3544 domo
273 3477 433 3560 episcopali
452 3479 499 3542 vel
517 3480 606 3540 etiam
625 3481 656 3540 in
675 3477 873 3553 Monasterio,
898 3497 963 3538 cum
988 3477 1069 3538 omni
1089 3477 1161 3544 dili-¹

64 3577 169 3655 gentis,
188 3574 348 3638 seeundum
367 3573 740 3655 canonicamdisciplinam
759 3571 935 3637 erudiantur.
965 3571 1155 3650 Nequaquam

64 3666 132 3728 loris
148 3669 254 3753 ,vagari
273 3668 422 3742 sinantur,
440 3667 491 3726 sed
511 3666 564 3727 suh
586 3667 667 3728 omni
691 3665 821 3728 custodia
839 3664 954 3739 vivant,
977 3684 1038 3724 non
1062 3664 1155 3744 turpis

65 3757 134 3822 lucri
154 3762 263 3837 dediti,
282 3781 344 3822 non
365 3759 532 3836 fornicarii,
551 3782 613 3822 non
633 3759 728 3836 sures,
748 3779 810 3820 non
829 3755 1007 3829 homicidae,
1026 3775 1087 3816 non
1107 3776 1154 3816 ra-

64 3861 176 3932 ptores,
202 3875 265 3916 non
285 3852 421 3937 litigiosi,
445 3873 507 3912 non
526 3853 673 3928 iracundi,
692 3873 756 3914 non
775 3849 860 3923 elati,
876 3867 939 3910 non
958 3847 1083 3925 ebriosi,
1104 3849 1156 3908 sed

65 3947 131 4006 casti
150 3949 241 4010 corde
260 3959 291 4009 et
311 3965 447 4026 corpore,
466 3947 600 4024 humiles,
619 3940 879 4029 modesti,·sohrii,
897 3941 1054 4017 mansueti,
1074 3940 1155 4019 paci·
1222 4021 1226 4032 ,

65 4035 124 4115 fici,
146 4053 180 4102 ut
205 4041 259 4101 filii
283 4041 343 4102 Dei
367 4039 450 4122 digni
475 4040 534 4100 sint
553 4039 590 4100 ad
608 4059 705 4098 sacros
726 4036 854 4100 Ordines
873 4033 1048 4116 promoveri.
1086 4032 1155 4090 Non

65 4148 116 4206 per
132 4134 214 4195 vicos
233 4154 330 4213 neque
354 4153 409 4214 per
432 4134 513 4196 villas
538 4133 575 4193 ad
593 4129 755 4190 Ecclesiam
778 4127 868 4191 vicini
893 4127 941 4187 vel
966 4123 1159 4184 terminantes*

67 4220 125 4283 sine
144 4225 315 4309 Magisterio
335 4225 380 4286 vel
402 4225 564 4306 disciplina,
585 4221 634 4302 qui
655 4221 799 4283 Sarabaiti
820 4221 965 4292 dicuntur,
984 4214 1154 4277 luxuriando

66 4313 110 4372 vel
127 4314 314 4394 fornicando,
334 4317 381 4380 vel
401 4317 488 4380 etiam
508 4327 621 4379 caetera
645 4315 744 4398 iniqua
765 4314 916 4396 operando
936 4327 1010 4390 quae
1031 4327 1155 4372 consen-

69 4403 113 4466 tiri
131 4408 286 4475 absurdunt
307 4423 359 4474 est.

1113 4583 1120 4611 t

315 4633 321 4666 Ι
396 4669 404 4678 a
