2908 5094
594 425 682 534 rei
732 423 772 456 ‘'

72 617 255 678 munstre
272 617 462 696 presidentia
480 617 615 678 amatium
639 620 805 699 perdonare
834 622 970 704 dignatus
994 625 1046 694 ιιι.
1091 631 1188 696 Unde

17 739 19 748 c
44 756 45 760 ,
73 711 117 769 et'
123 713 260 770 aeonae
256 711 409 770 caecarat
430 711 512 789 quasi
528 711 639 771 vicario
649 713 795 784 laetitiae
813 721 953 793 aiunere,
980 739 1033 798 per
1052 723 1181 810 eiusdem

73 805 132 862 M
158 817 190 863 et
206 805 356 864 Homini.
368 803 462 862 nonri
487 806 559 863 desu
579 802 691 866 Christi
714 805 959 886 misericordiam,
991 814 1041 892 qui
1065 805 1181 880 sanetae

71 917 142 968 suae
155 896 349 958 Ecclesiae
340 915 372 960 ιιι
389 899 503 956 iustine
530 897 721 958 beatitudinis
739 902 918 963 exaltatione
938 907 1146 984 consuluit,'
1125 933 1180 972 no·

70 993 177 1048 strarb
184 991 403 1066 omnienm'que
423 987 551 1049 fideliam
575 1001 746 1052 nostwrmn
772 986 973 1058 demandamus
1001 1004 1182 1082 prosperita

70 1093 152 1154 tem3
162 1089 301 1142 necnon
326 1093 362 1140 et
380 1081 564 1160 pacificam
554 1105 586 1142 tn
611 1083 670 1142 Dei
695 1083 846 1157 voluntate
868 1091 958 1151 totius
983 1095 1069 1176 regni
1088 1099 1183 1157 nostri

70 1169 292 1236 ιιιιιιιιιιιιίιιιιιι
308 1175 550 1237 unanimitatem:
568 1187 602 1234 ut
621 1181 716 1256 aeque
735 1178 766 1236 in
785 1190 904 1240 nostrae
925 1185 1089 1248 devotionis
1109 1209 1182 1270 gau
1250 1179 1252 1192 ¹

71 1271 187 1342 deata's,
214 1269 295 1327 ιίιιιι
314 1280 352 1328 et.
365 1289 425 1328 uos
444 1268 474 1326 in
498 1279 614 1328 uernae
637 1267 797 1330 sanctitatis
830 1270 970 1334 laetamur
994 1282 1181 1344 successibus.

69 1363 192 1422 Sedet
213 1362 271 1422 hoc'
290 1362 401 1422 v'estrae
415 1361 611 1424 sanctissimae
620 1364 874 1424 Benivolentrae
865 1369 1082 1447 innotescimus,
1102 1377 1183 1458 quod

70 1475 141 1514 curn
160 1453 332 1517 dilectionis
346 1471 475 1516 munera
493 1455 576 1514 Patri
594 1459 663 1516 meo
685 1457 866 1532 dulcissimo,
892 1461 1114 1537 praedecessori
1128 1491 1182 1530 ve

69 1559 145 1622 stro,
169 1549 307 1629 dir-igere
320 1567 501 1629 paraveram,
521 1559 554 1606 ut
574 1549 710 1624 caritatis,
731 1571 817 1628 quam
829 1551 868 1609 in
889 1572 925 1612 eo
947 1553 1048 1629 babai,
1066 1561 1183 1619 munifi-

71 1641 193 1701 centiae
212 1639 349 1722 largitate
368 1643 562 1700 monstrarem
580 1643 835 1724 magnitudinem,
855 1657 888 1704 et
902 1647 1088 1709 suavissimae
1106 1651 1184 1712 inter

70 1755 126 1792 nos
150 1733 365 1794 familiaritatis
373 1733 500 1794 fidelitas
519 1734 677 1796 multorum
693 1739 900 1799 ostenderetur
920 1740 1029 1801 oculis:-
1046 1761 1118 1804 eece
1134 1765 1183 1805 se·

69 1825 155 1902 bito,
185 1829 268 1906 quod
298 1828 361 1886 sine
388 1827 493 1890 dolore
516 1847 581 1890 nou
605 1829 714 1903 dicam,
742 1831 805 1890 sine
833 1830 967 1912 lacrymis
991 1855 1053 1894 non
1079 1839 1182 1918 cogito
1279 1887 1285 1902 .

68 1941 149 1998 prae
168 1920 309 1997 tristitia,
337 1921 435 1980 obitus
461 1919 538 1978 illius
562 1921 713 2000 legatione
737 1936 941 2006 consternatus
966 1947 1044 1989 sum:
1075 1941 1105 1988 et
1129 1931 1196 1991 utt.

70 2013 547 2093 laetitiaeparrveraminsignia,
559 2010 601 2072 ibi
619 2035 666 2076 me
683 2017 815 2076 tristitiae
826 1999 1023 2082 turbaverunt
1037 2018 1187 2104 lugubrior

68 2105 140 2164 Etsi
157 2103 325 2188 apostolus
351 2107 387 2164 da
414 2105 553 2164 mortuis
565 2108 741 2166 contristare
756 2109 940 2188 prohiberet,
958 2121 1058 2176 tamen
1078 2117 1182 2178 caritas

70 2198 240 2278 lacrymas
238 2196 353 2256 elicere
377 2219 439 2257 non
465 2209 566 2258 cessat
615 2199 687 2257 Non
711 2200 792 2276 quasi
819 2215 966 2264 mortuum
997 2207 1183 2290 plangentes,

70 2291 124 2348 sed
146 2311 232 2368 quast
224 2289 354 2349 melius
376 2311 441 2348 eum
464 2291 585 2351 Christo
605 2291 764 2350 viventem
773 2295 975 2366 recordantem
995 2299 1019 2356 si
1038 2301 1092 2358 nos
1113 2323 1183 2368 cor-

72 2382 174 2460 porali
202 2383 368 2459 praesentia
392 2383 534 2459 amisisse,
567 2405 629 2443 uon
661 2395 759 2442 tamen
784 2382 909 2462 spiritali
934 2386 1076 2470 suffragio
1101 2392 1183 2452 illum

73 2489 131 2532 nos
153 2473 291 2533 amittere
311 2475 491 2534 arbitramur.
532 2477 593 2535 Sed
612 2497 750 2558 maguum
771 2476 869 2535 divina
889 2477 976 2537 nobis
996 2483 1185 2560 praevidebat

74 2567 170 2648 gratia
192 2566 345 2642 solatium,
370 2567 438 2626 dum
458 2589 526 2642 vos,
545 2569 591 2628 vir
609 2570 793 2641 venerande,
813 2569 962 2629 inlocum
981 2572 1058 2633 illius
1077 2576 1184 2638 subro-

75 2649 170 2736 gavit:
192 2667 226 2718 ut
247 2672 322 2720 esset
343 2661 392 2740 qui
413 2661 522 2731 cotidie
543 2663 620 2742 apud
640 2661 758 2720 beatum
775 2661 896 2741 Petrum
915 2664 1079 2746 principem
1098 2669 1203 2751 Apo-·

75 2753 222 2811 stolorum
248 2772 302 2832 per
328 2753 414 2812 totius
434 2755 585 2814 Ecclesiae
605 2755 777 2829 stabilitate,
808 2767 838 2816 et
863 2757 912 2836 qui
932 2779 990 2838 pro
1007 2761 1099 2822 salute
1118 2785 1183 2826 mea

76 2865 269 2924 meorumque
289 2845 471 2922 fidelium,
462 2869 552 2907 numo
579 2859 608 2909 et
638 2868 695 2928 pro
719 2849 809 2921 totius
833 2848 991 2911 stabilitate
1016 2855 1102 2936 regni
1125 2878 1183 2918 no-

76 2936 118 2996 bis
145 2960 160 2997 a
188 2939 258 2998 Deo
287 2939 345 2998 dati
371 2939 586 3014 intercederet,
615 2952 645 2999 et
669 2953 791 3022 paterna
815 2943 926 3032 pietate
954 2965 1009 3004 nos
1033 2947 1065 3006 in
1091 2949 1182 3009 filium

78 3019 131 3090 sibi
152 3025 318 3111 adoptaret.
358 3028 406 3092 Ad
427 3023 593 3117 dilectionis
612 3031 762 3111 pacificam
781 3033 1002 3093 unanimitatem
1021 3037 1183 3119 Angilber-

78 3134 137 3183 ctus
158 3125 326 3184 manualem
346 3137 459 3186 vestrae
482 3103 683 3184 familiaritatis
702 3137 817 3184 vestrae
844 3123 997 3184 direximus
1018 3127 1183 3208 sanctitati,

80 3235 163 3292 quem
192 3218 291 3295 prius,
321 3219 396 3278 sicut
420 3211 605 3297 promisimus
631 3235 686 3297 per
709 3216 864 3298 religiosos
893 3215 973 3276 viros
1005 3219 1183 3298 Campulum
1278 3247 1281 3256 ’

80 3299 324 3382 eiAnasta'sium,
344 3310 511 3370 beatissimo
525 3311 607 3369 Patri
627 3321 741 3382 nostro,
761 3307 980 3386 praedecessori
991 3319 1100 3388 vestro,
1112 3313 1182 3374 diri-
1237 3306 1246 3314 “

80 3419 146 3481 gere
169 3403 350 3472 curavimus,
379 3405 430 3462 sed
455 3413 493 3460 ut
514 3403 640 3480 praelati
659 3423 771 3474 sumus,
803 3400 871 3457 dum
892 3399 993 3460 exenia
1005 3405 1110 3466 omnia
1129 3427 1182 3489 pa-

20 3565 23 3570 ,
79 3503 141 3554 rata
159 3507 263 3570 erint,
281 3493 400 3580 lugubri
420 3485 562 3576 paternae
581 3495 683 3554 mortis
703 3493 817 3554 nuntio
827 3503 952 3574 rep'ente
973 3497 1117 3560 tardatum
1138 3513 1182 3564 est

81 3585 149 3645 itel
155 3587 248 3648 illius.
275 3589 325 3647 sed
350 3589 441 3648 modo
467 3587 605 3648 laetiores
631 3589 666 3648 de
684 3579 802 3648 vestrae
817 3588 977 3647 sanctitat-is
997 3594 1181 3656 successione

83 3677 159 3758 sacti,
181 3683 265 3762 quod
284 3671 544 3742 desideravimus
534 3701 565 3740 ιιι
589 3681 641 3740 illo
660 3682 712 3760 pio
726 3681 823 3740 Patre
841 3691 939 3760 agere,
959 3681 996 3738 in
1009 3683 1092 3746 vobis
1112 3705 1182 3766 per-

85 3767 169 3832 ficere
189 3774 352 3845 studemus·;
381 3773 483 3854 illique
505 3775 605 3834 omnia
622 3773 806 3846 iniunximus,
827 3787 886 3852 que
903 3771 951 3832 vel
969 3773 1057 3836 nobis
1075 3779 1182 3856 coluri,-
1275 3861 1277 3869 γ

83 3857 162 3940 tarib,
181 3868 230 3926 vel
250 3867 336 3927 vobis
355 3866 519 3928 neees'saria
538 3885 599 3926 esse
618 3867 804 3941 ridebantur,
817 3874 856 3924 'ut
876 3885 910 3924 ex
929 3867 1099 3931 conlatione
1117 3893 1182 3930 mu-

83 3961 132 4010 tua
152 3957 328 4034 conferatis,
357 3959 510 4044 quicquid
522 3959 557 4019 ad
583 3959 798 4019 exaltationem
807 3971 924 4023 sanctae
940 3960 1003 4021 Dei
1022 3961 1182 4036 Ecclesiae,

85 4045 130 4103 ιιι
150 4050 186 4108 ad
203 4051 397 4112 stabilitatem
413 4053 536 4113 honoris
556 4053 654 4126 vestri,
673 4050 721 4112 vel
733 4051 898 4134 patritiatus
911 4053 1012 4114 nostri
1016 4053 1182 4113 firmitatem

17 4127 19 4134 ’
86 4147 169 4201 netes
158 4147 278 4204 ssarintn
302 4145 540 4228 intellegeritis.
565 4145 653 4204 Sicut
674 4144 751 4202 enim
778 4158 841 4205 eum
867 4142 1034 4205 beatissimo
1059 4123 1211 4222 praede-¹

90 4247 199 4296 sessore
219 4247 319 4299 cestro
334 4249 438 4298 sanstae
458 4235 642 4317 paternitatis
658 4244 783 4322 pactum
803 4237 874 4311 inii,
903 4239 943 4296 sic
968 4239 1033 4293 culn
1050 4234 1184 4298 ιιιιιιιιι-ι

17 4317 21 4432 'p
91 4320 155 4384 dine
173 4343 268 4390 vestra
280 4315 422 4390 eiusdem
443 4327 512 4389 fidei
538 4339 568 4388 et
595 4325 722 4388 caritatis
744 4313 914 4390 inuiolabile
934 4325 1038 4389 laedes
1057 4331 1184 4392 statder'e

17 4435 18 4472 1
95 4413 238 4483 desideret
271 4431 419 4511 quatenus
439 4420 636 4554 Apostolicae‘
659 4419 826 4482 &autum
851 4431 984 4496 vestrae,
1003 4417 1105 4482 divina
1130 4425 1185 4483 dos
1238 4495 1244 4508 x

893 4515 984 4648 pis]
