2960 5094
272 601 374 684 trario,
393 597 487 660 emisit
500 597 615 675 Missos,
636 603 739 679 petens
759 595 896 658 auxilium
915 606 946 654 et
965 593 1110 658 honorem
1122 591 1298 657 Patriciatua
1317 611 1380 656 uua

272 717 337 758 cum
348 693 465 755 Ducatu
473 692 671 773 Neapolitano
684 689 736 752 sub
757 689 939 771 integritate,
958 687 1044 748 simul
1064 697 1095 747 et
1113 673 1196 746 suuni
1216 695 1382 768 cognatum

271 783 517 894 Adalgisumcum
537 805 625 846 manu
643 784 766 848 valida
756 804 788 842 ιιι
808 780 985 844 adiutorium
1005 778 1062 840 sibi
1082 779 1180 860 dirigi,
1199 778 1380 858 promittens

229 865 239 876 ⁸
273 877 301 938 ei
320 877 431 939 tamin
450 886 570 936 tonsura
591 898 675 957 quam
695 877 725 938 in
745 875 873 938 vestibus
893 895 948 934 usu
969 869 1154 934 Graecorum
1172 870 1301 954 perfrui,
1319 869 1379 932 aub

273 969 402 1030 eiusdem
422 967 609 1046 Imperatoris
630 970 751 1030 ditione.
791 1001 796 1007 ·

330 1063 411 1121 Haec
432 1059 550 1122 audiens
571 1073 666 1123 autem
686 1063 869 1142 Imperator,
890 1057 985 1127 emisit
1002 1057 1048 1117 illi
1067 1078 1135 1118 suos
1154 1057 1300 1141 Legatos,
1320 1057 1383 1116 sci-

273 1153 526 1234 licetSpatharios
546 1153 618 1214 duos
637 1155 668 1214 iu
689 1155 831 1214 ditionem
850 1150 968 1211 Siciliae
989 1151 1025 1210 ad
1036 1150 1197 1210 Patricium
1218 1171 1285 1212 eum
1304 1169 1381 1210 con-

274 1245 463 1322 stituendum,
484 1245 611 1306 terentes
630 1267 730 1306 secum
747 1257 842 1307 vestes
863 1265 935 1304 auro
955 1255 1062 1320 textas,
1082 1243 1167 1304 simul
1187 1253 1218 1304 et
1237 1243 1384 1323 spatham,

273 1340 322 1403 vel
341 1340 505 1420 pectinem,
523 1350 556 1398 et
575 1339 711 1418 forcipes,
730 1339 805 1399 sicut
823 1337 867 1398 illi
886 1337 1053 1416 praedictus
1072 1336 1227 1418 Arigbisus
1247 1335 1329 1396 indui
1350 1346 1382 1394 et

275 1433 393 1494 tonderi
417 1431 564 1512 pollicitus
590 1431 699 1502 sueram
729 1441 864 1512 petentes
882 1429 1078 1490 Romualdum
1098 1428 1227 1492 eiusdem
1246 1428 1380 1510 Arigltisi

275 1521 421 1586 filium'in
442 1523 613 1586 obsidatum.
643 1525 690 1584 De
711 1523 851 1606 Adalgiso
871 1541 942 1583 vero
963 1534 1103 1604 cognato,
1124 1521 1220 1582 emisit
1232 1522 1259 1582 ei
1269 1522 1381 1595 dicens,

276 1617 344 1698 quia
357 1623 441 1677 'nunc
463 1615 544 1676 illum
564 1637 626 1678 non
647 1617 812 1700 dirigimus,
836 1614 888 1676 sed
909 1635 974 1674 eum
994 1615 1145 1697 dirigimus
1166 1637 1231 1676 cum
1252 1614 1381 1676 exercitu

275 1709 308 1772 in
327 1705 476 1782 Tervisio,
496 1720 546 1768 aut
555 1709 702 1772 Ravenna.
739 1707 800 1784 Qui
819 1707 971 1770 uenientes
991 1707 1050 1768 Dei
1070 1719 1154 1784 nutu,
1174 1727 1228 1787 per
1239 1705 1382 1788 suffragia
1471 1702 1472 1708 '

219 1793 223 1804 ⁸
275 1799 501 1881 Apostolorum,
520 1802 742 1882 malignantium
762 1800 884 1860 consilia
906 1801 1043 1884 dissipata
1062 1811 1240 1880 repererunt
1250 1819 1286 1858 eo
1299 1799 1380 1878 quod

275 1892 443 1974 Arigbisum
462 1893 587 1968 Ducem,
605 1893 652 1955 vel
670 1895 759 1974 ipsius
779 1893 870 1952 filium
889 1893 1086 1968 Waldonem,
1106 1891 1277 1954 defunctum
1296 1891 1379 1952 inre'-

256 1995 392 2046 ‘nerunt
436 1985 477 2044 Et
501 1988 569 2048 dum
593 1985 701 2046 ibidem
722 1984 847 2047 Salerno
867 1987 940 2048 Atto
960 1985 1143 2047 fidelissimus
1161 1994 1259 2046 vester
1277 1983 1381 2042 Missus

275 2077 393 2152 luisset,
421 2075 657 2140 Beneventani
648 2099 727 2160 ipsos
747 2076 881 2141 Graecos
904 2077 1024 2140 minime
1048 2078 1182 2158 recipere
1208 2076 1380 2146 uolueruut;

275 2168 327 2230 sed
347 2180 417 2249 post
435 2159 635 2234 reversionem
655 2171 798 2252 praedicti
807 2171 1076 2246 AttonisDiacoui,
1095 2183 1166 2232 tuuc
1186 2189 1235 2229 eos
1256 2179 1380 2230 terreno

170 2297 177 2308 .
274 2263 382 2328 itinere
407 2283 424 2324 a
447 2264 553 2326 finibus
574 2265 757 2326 Graecorum
777 2264 957 2338 deserentes,
983 2263 1108 2326 Salerno
1128 2271 1315 2342 receperunt;
1348 2274 1384 2320 et
1469 2248 1470 2302 l

278 2380 345 2434 cum
364 2350 545 2440 Athalberga
570 2359 671 2420 relicta
691 2356 834 2438 Arighisi,
863 2377 914 2416 seu
935 2355 1134 2438 optimatibus
1153 2353 1385 2430 Beneventanis,
1465 2400 1470 2418 .

277 2453 372 2517 tribus
394 2451 497 2512 diebus
516 2450 715 2528 persistentes,
735 2446 880 2508 consiliati
899 2460 977 2526 sunt,
995 2451 1150 2512 suadentes
1159 2449 1214 2532 ipsi
1224 2446 1380 2506 beneven—

278 2541 341 2602 tani
360 2541 516 2622 praedictis
536 2540 631 2599 Missis
652 2540 835 2602 Graecorum
855 2542 997 2606 dicentes:
1031 2543 1111 2619 Quia
1136 2564 1191 2605 nos
1211 2542 1248 2602 ad
1265 2541 1381 2624 Regem

230 2669 234 2680 ι
281 2633 422 2716 Carolum
443 2633 586 2694 emisimus
606 2633 710 2696 Missos
735 2645 868 2709 nostros,
899 2647 1033 2716 petentes
1060 2637 1096 2698 ab
1119 2658 1156 2698 eo
1178 2634 1380 2697 Grimualdum

277 2725 393 2788 Ducem
420 2736 551 2786 nostrum
575 2726 721 2806 recipere.
764 2726 891 2805 Insuper
917 2739 947 2787 et
970 2748 1024 2808 per
1048 2729 1191 2790 Attonem
1214 2731 1382 2790 Diaconum
1466 2746 1470 2757 ·

279 2816 344 2895 ipso
364 2817 450 2881 nobis
470 2815 647 2896 pollicente,
672 2837 776 2899 rogam
796 2818 958 2895 emisimus,
987 2832 1020 2880 ut
1044 2821 1161 2904 penitus
1181 2843 1247 2884 eum
1265 2822 1381 2884 Ducem
1469 2843 1473 2895 ,ι

280 2920 497 2990 consequenter
515 2909 733 2990 susciperemus.
763 2911 824 2972 Sed
842 2924 967 2993 propter
986 2914 1043 2974 hoc
1062 2915 1172 2975 morari
1187 2935 1239 2977 vos
1252 2914 1381 2996 Neapoli

281 3001 437 3078 convenit,
464 3001 531 3062 dum
550 3021 642 3086 usque
662 3001 756 3083 ipsum
777 3004 980 3066 Grimualdum
999 3007 1133 3086 recipere
1153 3009 1295 3086 possimus
1314 3008 1381 3068 Dn-

281 3115 360 3177 cem:
396 3105 426 3154 et
450 3093 531 3173 quod
556 3094 675 3177 genitor
700 3096 761 3158 eius
779 3097 933 3178 Arigbisus
952 3098 1072 3160 minime
1096 3098 1187 3162 valuit
1210 3101 1382 3182 adimplere,

282 3186 470 3266 Grimualdus
490 3187 550 3248 eius
569 3187 661 3263 filius,
685 3187 759 3248 dum
779 3189 894 3250 culmen
914 3190 1057 3271 genitoris
1076 3191 1122 3252 sui
1141 3193 1263 3273 adeptus
1283 3193 1382 3268 fuerit,

282 3301 400 3358 prossus
420 3279 603 3362 imperialem
621 3280 803 3342 voluntatem
822 3302 888 3341 cum
908 3283 988 3342 omni
1005 3283 1131 3362 ditione,
1150 3285 1227 3366 sicut
1246 3307 1311 3348 cum
1326 3307 1381 3347 suo

283 3373 416 3432 constitit
435 3375 587 3452 genitore,
606 3373 637 3432 in
659 3373 794 3434 omnibus
813 3376 984 3457 adimpleat,
1003 3377 1114 3458 pariter
1133 3379 1219 3440 uobis
1238 3378 1382 3457 promissa

283 3459 474 3542 explentibus.
525 3465 718 3544 Quapropter
748 3479 869 3530 terreno
901 3470 1007 3532 itinere
1031 3491 1121 3550 usque
1145 3469 1304 3549 Neapolim
1331 3488 1383 3533 eos

283 3576 349 3616 cum
368 3572 476 3636 magno
498 3555 678 3614 deduxerunt
696 3557 820 3620 honore.
860 3559 922 3636 Qui
941 3562 1158 3642 Neapolitani
1148 3583 1227 3644 rpsos
1245 3563 1381 3626 Graecos

266 3654 349 3710 'eum
369 3645 471 3710 bandis
492 3657 522 3706 et
540 3645 630 3727 signis
656 3648 861 3730 suscipientes,
892 3653 1002 3714 ibidem
1027 3655 1182 3738 degentes,
1212 3657 1381 3737 praedictae

210 3735 215 3748 ¹
283 3742 333 3802 rei
345 3738 558 3822 praestolantes
578 3738 734 3799 adventum
753 3762 816 3804 non
836 3721 973 3810 desinunt
983 3769 1048 3808 cum
1063 3749 1216 3830 Stephano
1228 3750 1382 3830 Episoopo

218 3909 232 3932 v
284 3847 315 3896 et
326 3831 523 3894 Constantino
538 3830 646 3894 civibus
657 3832 859 3914 Neapolitanis
879 3840 996 3903 adversa
1015 3851 1219 3922 perpetrantes
1237 3853 1384 3914 tractare,

283 3927 431 3989 mittentes
451 3922 508 4002 ipsi
529 3924 637 3988 Graeci
656 3927 692 3987 ad
712 3928 941 4010 Imperatorem,
953 3932 997 3999 ,de
1018 3934 1101 3994 obitu
1117 3933 1248 4017 Arighisi
1268 3931 1381 4013 filiique

284 4023 346 4084 eius
366 4014 585 4090 denunciantes,
604 4028 634 4076 et
653 4017 689 4078 ab
711 4039 748 4080 eo
769 4033 937 4102 exspectant
955 4025 1108 4086 consilium
1128 4027 1199 4106 quid
1218 4045 1307 4108 agere
1328 4025 1381 4088 de-

283 4113 384 4176 beant.
422 4107 511 4168 Sed
502 4127 532 4166 ru
552 4107 595 4168 his
617 4109 750 4178 omnibus
759 4115 1046 4194 ,excelleutissime,
1072 4129 1102 4180 et
1120 4139 1137 4178 a
1154 4115 1224 4180 Deo
1244 4129 1381 4200 protecte
1474 4183 1475 4192 ,

282 4205 341 4280 fili,
364 4201 553 4264 solertissima
575 4200 681 4282 regalis
701 4201 838 4267 Potentia
857 4220 952 4271 vestra
971 4209 1080 4270 nitatur
1098 4221 1294 4290 pertractare,
1319 4223 1381 4272 tam
1474 4207 1475 4222 ¹

175 4304 179 4318 ‘
283 4313 339 4378 pro
360 4296 534 4358 exaltatione
553 4293 704 4376 spiritalis
709 4298 807 4358 matris
826 4313 948 4378 uestrae,
967 4313 1084 4364 sanctae
1103 4303 1254 4382 Romanae
1273 4303 1382 4364 Eccle-

283 4390 357 4466 siae,
381 4404 539 4470 nostraque
558 4387 666 4464 salute,
696 4409 856 4472 quamque,
881 4393 1012 4456 Domino
1027 4407 1209 4478 protegente
1229 4395 1391 4478 beatoque-
