2908 5094
773 421 860 492 los

290 581 294 598 '
324 583 395 646 v11.
432 583 539 662 Neque
558 578 663 660 aliquia
681 577 799 640 illorum
818 577 967 640 bominem
986 577 1085 640 lrstris
1103 578 1147 638 sni
1168 597 1225 657 pro
1245 577 1376 658 quibus-

266 679 340 740 libet
359 676 449 738 causis
468 675 528 736 sive
548 671 641 754 culpis
665 672 703 732 ad
726 693 758 732 se
783 671 1006 754 confugientem
1024 670 1179 752 suscipiat,
1197 691 1253 734 nec
1273 672 1377 734 inter-

222 777 226 788 '
266 772 427 835 cessionem
447 767 566 848 quidem
585 783 698 847 proco
717 763 818 836 facian
838 765 906 845 quia
924 765 1057 832 uolumus
1076 777 1111 824 ut
1129 765 1255 846 quilibet
1272 765 1374 826 bomo

264 885 406 946 peccans,
431 873 462 923 ct
484 859 695 922 intercessione
719 857 855 940 indigene
873 859 950 920 intra
968 879 1094 941 regnum
1113 859 1226 920 domini
1245 859 1299 933 sni,
1319 861 1377 920 vel

264 959 300 1019 ad
320 957 387 1018 loca
405 965 515 1029 sanem,
533 953 580 1016 vel
599 949 816 1014 adbonoratos
836 952 969 1012 homines
989 952 1157 1034 confugiat,
1183 964 1214 1014 et
1231 951 1301 1013 iude
1319 953 1375 1012 in-

263 1063 337 1114 stem
356 1047 597 1110 intercessionem
616 1056 772 1106 mereatur.

288 1184 290 1199 .
320 1142 407 1202 v111.
445 1139 589 1201 Similiter
606 1138 800 1220 praecipimus
825 1148 859 1198 ut
879 1138 1041 1218 quemlibet
1058 1138 1186 1199 liberum
1205 1139 1375 1217 bominem,

263 1235 315 1316 qui
334 1233 485 1296 dominnm
504 1253 586 1294 suum
607 1243 710 1294 contra
730 1232 913 1294 uoluntatem
932 1233 994 1294 eins
1015 1231 1173 1308 dimiserit,
1199 1243 1229 1293 ct
1248 1232 1284 1292 de
1302 1253 1373 1294 uno

159 1351 161 1364 ·
262 1347 359 1413 regno
379 1327 410 1388 in
428 1325 508 1387 alind
527 1323 678 1406 proiectus
696 1324 798 1400 luerit,
817 1344 914 1406 neque
933 1326 996 1406 ipse
1014 1326 1078 1388 Rex
1096 1325 1245 1406 suscipiat·
1262 1347 1366 1406 neque

263 1417 430 1484 bominibus
440 1418 499 1480 suis
512 1417 678 1479 consentiat
696 1429 730 1478 nt
747 1418 836 1480 talem
849 1419 998 1480 bominem
1015 1420 1170 1500 recipiant,
1189 1419 1235 1482 vel
1254 1417 1369 1480 insiste

264 1514 393 1576 retinere
412 1520 609 1593 praesumant.
647 1512 716 1573 Hoc
735 1533 798 1573 non
822 1512 918 1574 solum
942 1513 979 1572 de
999 1512 1114 1590 liberis,
1138 1513 1191 1574 sed
1216 1511 1302 1573 etlam
1328 1512 1370 1574 de
1450 1515 1451 1564 l

261 1608 351 1672 servis
369 1604 499 1690 fugitiuis
518 1603 668 1668 statuimus
688 1605 918 1683 observandum,
944 1615 977 1666 ut
996 1605 1081 1668 'nulla
1094 1605 1254 1670 discordiis
1271 1604 1370 1673 retin-

261 1713 368 1782 quatnr
388 1698 513 1770 occasio.
962 1709 965 1716 '

317 1795 371 1854 IX.
409 1791 603 1872 Quapropter
626 1791 864 1873 praecipiendum
889 1793 977 1854 nobis
995 1794 1117 1855 ridetur
1139 1803 1188 1868 ut,
1220 1803 1288 1873 post
1306 1811 1369 1852 no-

260 1885 409 1950 suamab
430 1885 485 1946 bac
504 1885 684 1947 mortalitate
705 1887 876 1965 discessum,
906 1888 1040 1951 homiues
1064 1887 1290 1967 uniuscuiusque
1310 1907 1368 1947 eo-

258 2003 325 2044 rum
344 1979 490 2060 accipiant
508 1977 652 2038 beneficia
672 1981 870 2060 unnsquisque
889 1981 921 2042 iu
940 2001 1035 2064 regno
1056 1979 1231 2057 dominisui,
1253 1993 1283 2042 et
1301 1999 1367 2040 nou
1451 2041 1452 2048 ,

258 2075 291 2135 in
311 2073 439 2150 alterins,
458 2091 497 2132 ne
517 2071 596 2132 forte
615 2091 670 2152 per
688 2073 756 2149 boc,
775 2073 800 2134 si
819 2073 904 2135 aliter
928 2074 1032 2150 suerit,
1056 2072 1222 2134 scandalum
1242 2073 1367 2153 aliquod
1451 2095 1452 2104 ¹

259 2167 394 2228 accidere
417 2164 518 2246 possit
570 2164 771 2230 Hereditatem
800 2179 897 2235 autem
922 2187 1002 2228 snam
1035 2167 1143 2228 habeat
1164 2167 1367 2246 unusquisque

258 2260 377 2322 illorum
402 2259 553 2322 bominum
584 2259 697 2338 absque
724 2259 976 2338 contradictione,
1007 2261 1038 2322 in
1064 2279 1239 2340 quocunque
1263 2279 1367 2341 regno

258 2354 316 2416 boc
336 2375 402 2416 eum
423 2355 552 2438 legitime
571 2353 682 2414 babere
703 2351 871 2436 contigerit.

313 2447 350 2506 X.
388 2449 430 2507 Et
448 2447 647 2528 unusquisque
667 2446 743 2506 liber
763 2447 864 2522 homo,
883 2457 1098 2528 postmortem
1118 2445 1231 2508 domini
1249 2446 1304 2522 sni,
1324 2446 1362 2505 li·
1451 2443 1453 2512 l

258 2539 384 2600 centiam
398 2539 507 2600 babeat
520 2559 552 2599 se
571 2537 797 2600 commendandi
809 2539 886 2601 inter
896 2542 968 2602 haec
980 2541 1035 2602 tria
1046 2561 1138 2624 regna
1151 2541 1188 2601 ad
1200 2559 1363 2622 quemcun-

166 2669 167 2674 κ
258 2651 316 2712 que
326 2631 463 2692 voluerit
494 2631 636 2692 Similiter
653 2633 683 2710 et
695 2632 745 2693 illc
762 2633 812 2713 qui
826 2634 958 2694 nondum
969 2635 1055 2696 alicui
1073 2635 1293 2696 commendatus
1309 2645 1363 2695 cst.

287 2801 290 2808 ι
314 2725 366 2784 xl.
404 2725 452 2784 De
471 2724 680 2786 traditionibus
700 2737 797 2786 autern
821 2735 911 2805 atque
936 2727 1154 2790 venditionibus
1181 2749 1256 2809 quae
1283 2728 1363 2788 iuter

256 2828 355 2896 partes
374 2817 440 2877 ficri
457 2816 570 2892 solent,
593 2818 789 2898 praecipimus
812 2830 846 2878 ut
874 2819 969 2881 nullus
989 2841 1024 2881 er
1044 2821 1088 2882 bis
1108 2821 1202 2882 tribus
1221 2821 1362 2882 fratribus

145 2903 149 2910 ’
256 2908 394 2990 suscipiat
418 2911 454 2970 de
481 2929 576 2992 regno
601 2909 719 2972 alterius
744 2931 758 2970 a
784 2911 921 2992 quolibet
948 2913 1069 2975 homine
1093 2915 1284 2976 traditionem
1308 2935 1362 2980 seu

179 2991 182 3006 ¹
236 3001 458 3066 'venditionem'
477 3024 574 3064 rerum
594 3003 799 3082 immobilium,
818 3005 876 3068 boc
896 3018 950 3083 est,
971 3019 1125 3084 terrarum,
1143 3003 1301 3069 vinearum
1314 3019 1362 3068 at-

122 3121 132 3138 ·
256 3117 313 3178 que
333 3096 489 3179 sylvarum,
507 3119 717 3179 servorumque
738 3100 789 3179 qui
808 3100 866 3160 iam
886 3102 974 3161 casati
997 3113 1080 3177 sunt,
1110 3102 1170 3164 sire
1196 3103 1363 3162 ceterarum

255 3211 354 3252 rerum
374 3213 449 3273 quae
469 3191 638 3254 hereditatis
657 3192 778 3252 nomine
793 3205 965 3266 cementum
983 3205 1107 3275 excepto
1120 3215 1203 3271 auro,
1222 3207 1362 3279 argento,

255 3295 286 3344 et
304 3286 442 3366 gemmis,
472 3285 559 3348 armis
584 3305 618 3346 ac
642 3283 770 3346 vestibus
795 3305 914 3346 necnon
943 3298 973 3350 et
990 3290 1144 3372 mancipiis
1163 3311 1226 3351 non
1246 3289 1361 3366 casatis,

255 3377 347 3436 ethis
366 3379 531 3455 speciebus,
551 3400 626 3459 quae
645 3379 767 3460 proprie
787 3380 824 3440 ad
843 3381 1045 3463 negotiatores
1065 3386 1213 3464 pertinere
1228 3403 1360 3444 noscun-

254 3478 311 3526 tur.
351 3465 483 3542 Caeteris
502 3491 575 3531 vcro
594 3472 696 3532 liberis
715 3473 882 3534 bominibus
902 3475 960 3536 boc
979 3471 1098 3536 ininime
1121 3477 1359 3540 interdicendum

253 3559 453 3621 indicavimus.
1363 3555 1369 3566 ¹

312 3654 382 3713 XII.
421 3653 455 3715 Si
474 3675 550 3736 quac
569 3668 666 3718 autem
685 3656 829 3734 feminac,
858 3661 933 3722 sicut
958 3662 1022 3724 lieri
1041 3663 1130 3742 solet,
1161 3666 1243 3726 inter
1258 3677 1358 3747 partes

254 3758 286 3810 et
302 3767 394 3828 regna
414 3748 524 3810 fuerint
543 3750 579 3810 ad
600 3751 770 3836 coniugium
789 3754 968 3834 postulatae,
995 3777 1057 3818 non
1077 3759 1263 3843 denegentur
1280 3760 1358 3820 iuste

253 3839 454 3922 poscentibus,
472 3843 525 3904 sed
545 3843 631 3906 liceat
650 3867 698 3908 eas
717 3847 843 3910 vicissim
862 3847 931 3910 dare
951 3861 982 3910 et
1001 3852 1150 3932 accipere,
1170 3864 1200 3914 et
1219 3853 1357 3915 adfinita-

252 3934 330 3998 tibus
355 3933 483 4016 populos
505 3935 583 3997 inter
605 3959 636 4000 se
660 3941 775 4002 sociari.
818 3943 904 4024 Ipsae
927 3961 999 4005 vero
1024 3943 1151 4007 feminac
1175 3957 1357 4027 potestatem

252 4028 381 4090 babeant
404 4047 502 4088 rernm
526 4050 642 4090 suarum
667 4033 699 4093 in
723 4055 820 4118 regno
844 4035 922 4096 uude
948 4037 1092 4115 exierant,
1123 4059 1298 4122 quamquam
1322 4040 1355 4099 iu

251 4119 310 4181 alio
330 4119 455 4203 psopter
473 4121 569 4182 mariti
587 4125 757 4187 societatem
777 4127 910 4188 habitare
930 4128 1065 4192 debeant

308 4214 393 4274 xm.
431 4215 479 4276 De
499 4213 651 4281 obsidibus
670 4230 768 4280 antem
788 4220 839 4300 qui
861 4233 986 4302 propter
1011 4227 1175 4290 credentias
1195 4145 1255 4288 dail
1275 4239 1357 4304 snut,

252 4314 284 4366 et
302 4324 319 4365 a
338 4306 425 4376 nobis
444 4330 500 4389 per
518 4309 631 4372 diversa
651 4310 716 4372 loca
735 4311 773 4372 ad
792 4315 1015 4378 custodiendum
1034 4319 1171 4382 destinati
1188 4333 1272 4400 suut,
1297 4339 1356 4389 vo·

252 4398 346 4460 lnmus
366 4408 399 4458 ut
417 4400 467 4462 ille
487 4389 549 4464 iles
567 4403 599 4464 in
619 4403 699 4466 cuius
718 4425 813 4487 regno
838 4420 921 4488 sunt,
946 4409 1054 4492 absque
1079 4411 1230 4478 voluntate
1253 4415 1355 4477 fratris
