2890 5092
721 343 723 361 l

657 389 659 395 ¹
723 380 726 400 l

729 427 732 446 “
791 407 879 476 208

732 447 740 500 l.
901 465 904 474 ι

739 505 741 515 t

146 599 160 646 ³,
203 552 209 570 l
284 583 446 647 cantorum,
466 589 541 652 quae
556 570 695 630 hactenus
711 564 819 626 eisdem
835 561 1067 622 institutionibus
1084 561 1114 620 in
1127 559 1237 620 Sancta
1252 557 1399 620 Romana

283 667 415 728 Ecclesia
434 661 611 734 modulatur,
631 657 792 720 constituit.
840 654 933 714 Huius
961 676 1034 736 ergo
1054 651 1265 714 modulationis
1290 651 1398 712 dulce-

285 761 384 822 dinem
401 741 482 818 inter
501 755 570 816 alias
590 755 728 832 Europae
747 761 868 832 gentes,
893 746 1036 808 Germani
1054 768 1107 810 sen
1127 743 1208 806 Galli
1233 744 1302 804 sive
1325 743 1398 803 Ale·

285 851 394 926 manni,
414 849 525 910 discere
545 847 709 924 crebroque
731 843 876 914 rediscere
897 851 1073 920 potuerunt:
1093 841 1304 918 incorruptam
1325 856 1397 896 vero

285 959 346 1006 tam
364 943 487 1004 levitate·
503 939 601 1014 animi,
621 957 677 1016 qua
697 933 840 1005 nonnulla
865 933 901 994 de
928 933 1052 1014 proprio
1080 929 1277 1016 Gregorianis
1302 928 1398 988 canti·

229 1059 235 1076 ⁸
286 1039 342 1100 bus
361 1036 550 1108 miscuerunt,
570 1051 655 1110 quam
676 1029 792 1090 feritate
814 1046 932 1106 quoque
952 1025 1077 1087 naturali
1088 1025 1207 1086 minime
1226 1040 1395 1084 servavere

288 1130 397 1211 Alpina
421 1125 563 1206 siquidem
589 1121 716 1202 corpora
740 1141 845 1184 vocum
869 1139 985 1178 suarum
1008 1119 1145 1180 tonitruis
1174 1116 1307 1177 altisone
1329 1134 1394 1194 per-

288 1221 465 1303 strepentia,
489 1227 641 1296 susceptae
665 1213 873 1275 modulationis
899 1211 1083 1273 dnlcedinem
1108 1208 1229 1292 proprie
1256 1228 1327 1268 non
1351 1226 1394 1266 re-

289 1317 413 1392 sultant,
438 1312 505 1394 quia
532 1309 626 1370 bibuli
645 1308 770 1389 gutturis
796 1305 921 1366 barbara
940 1305 1078 1386 grossitas
1093 1305 1166 1364 dnm
1185 1299 1394 1362 inflexionibus

292 1423 323 1474 et
342 1403 612 1489 repercussionibus
638 1411 671 1462 et
698 1399 922 1480 diaphoniarum
948 1398 1138 1480 diphthongis
1161 1395 1264 1455 mitem
1291 1394 1393 1452 nititur

292 1505 379 1566 edere
406 1499 596 1572 cantilenam,
625 1492 751 1554 naturali
780 1493 919 1571 quodam‘
940 1491 1060 1574 fragore
1085 1489 1167 1572 quasi
1192 1487 1328 1568 plaustra
1347 1502 1394 1562 per

291 1597 397 1680 gradun
418 1592 539 1654 confuse
559 1583 693 1650 sonantia
711 1585 820 1668 rigidas
845 1605 932 1644 voces
957 1585 1058 1658 iactat,
1087 1583 1187 1664 sicque
1213 1577 1394 1642 audientium

293 1690 406 1752 annuos
427 1683 647 1766 quosmuleere
668 1677 831 1748 debuerant
850 1677 933 1754 tales,
954 1677 1150 1760 exasperando
1170 1673 1265 1758 magis
1285 1693 1322 1732 ac
1343 1668 1393 1730 ob-

292 1781 453 1862 strependo
474 1776 661 1838 conturbant.
745 1761 764 1802 '¹

353 1873 426 1952 Cap.
446 1872 483 1936 X.
521 1869 638 1930 Interea
659 1867 784 1932 Carolus
803 1855 855 1950 qui
880 1868 1031 1930 dicebatur
1054 1867 1196 1948 Magnus,
1221 1863 1287 1922 Rex
1305 1859 1393 1918 Fran-

296 1987 409 2042 corum,
430 1985 495 2024 cum
515 1973 591 2025 esset
609 1963 722 2030 Romae
747 1961 878 2024 offensus
904 1960 1082 2024 dissonantia
1099 1957 1228 2018 Romani
1252 1965 1284 2015 ct
1304 1950 1393 2014 Galli-

296 2059 362 2120 cani
382 2068 497 2131 cantus,
524 2077 590 2116 cum
610 2055 765 2118 Gallorum
791 2057 953 2138 procacitas
978 2077 1003 2117 a.
1022 2052 1193 2134 quibusdam
1220 2042 1391 2108 nostratibus

297 2151 409 2212 naeniis
429 2159 683 2231 argumentaretur
703 2171 765 2211 esse
786 2162 971 2230 corruptum,
997 2146 1150 2225 nostrique
1175 2163 1191 2204 e
1211 2141 1328 2204 diverso
1347 2157 1391 2196 au-

296 2243 458 2304 thenticum
484 2241 721 2334 antiphonarium
749 2242 946 2324 probabiliter
971 2249 1170 2313 ostentarent,
1201 2235 1391 2313 interrogasse

298 2337 408 2411 sertus,
434 2335 497 2414 quis
524 2335 603 2396 inter
626 2337 721 2400 rivum
747 2348 778 2398 et
803 2337 916 2396 sontem
937 2333 1136 2414 limpidiorem
1155 2349 1261 2410 aquam
1280 2343 1390 2386 conser-

297 2449 367 2494 vare
386 2426 482 2491 soleti
520 2428 780 2508 Respondentibus
801 2429 931 2502 iontem,
957 2426 1119 2507 prudenter
1138 2422 1258 2484 adiecit:
1279 2425 1390 2501 ergoet

299 2543 354 2582 ¹¹⁰⁵
375 2520 425 2598 ‘lul
445 2519 481 2578 de
501 2519 565 2581 rivo
591 2533 758 2602 corruptam
783 2521 930 2604 lympham
956 2521 1094 2582 haetenus
1119 2516 1262 2590 bibimus,
1286 2513 1323 2572 ad
1346 2529 1390 2590 pe-

263 2660 265 2669 ι
299 2612 399 2678 renuis
425 2611 515 2672 fontis
540 2632 659 2679 necesse
686 2627 729 2676 est
756 2615 867 2676 fluenta
900 2613 1072 2695 principalia
1100 2610 1290 2689 requiramus.
1331 2605 1391 2664 Mor

300 2707 399 2786 itaque
420 2705 493 2766 duos
512 2725 632 2768 suornm
651 2707 809 2768 industrios
831 2706 963 2766 Clericos
974 2701 1107 2766 Adriano
1120 2703 1219 2783 Papae
1238 2696 1390 2776 dereliquit

300 2801 354 2858 His
375 2798 492 2876 quidem
512 2797 580 2855 satis
601 2797 751 2879 eleganter
772 2799 901 2874 eruditis,
920 2799 1082 2858 Metcnsem
1098 2795 1261 2858 Ecclesiam
1280 2792 1316 2854 ad
1334 2809 1390 2850 sua-

235 2975 238 2984 ·
301 2890 419 2959 vitatem
439 2887 648 2950 modulationis
675 2889 815 2969 pristinae
840 2891 1004 2967 revocavit,
1029 2912 1085 2972 per
1107 2910 1194 2969 quam
1213 2900 1306 2950 totam
1328 2881 1392 2944 Gal-

302 2983 371 3044 liam
388 2980 523 3042 correxit.
562 2981 622 3042 Sed
643 3002 708 3042 cum
728 2993 795 3062 post
815 2983 909 3063 aliqua
928 2996 1080 3064 tempora,
1105 2981 1250 3043 defunctis
1270 2979 1327 3054 bis,
1349 2973 1391 3055 qui

304 3077 429 3136 Romam
459 3073 574 3134 educati
604 3073 736 3153 fuerant,
766 3088 881 3137 cantum
915 3076 1132 3137 Gallicanarum
1161 3073 1353 3135 Ecclesiarnm
1377 3089 1390 3126 a

304 3168 432 3232 Metensi
452 3167 616 3248 discrepare
632 3169 874 3247 prudentissimus
886 3170 1002 3251 Regum
1017 3170 1145 3245 vidisset,
1165 3189 1198 3228 ae
1208 3184 1389 3244 unumquem-

306 3285 364 3344 que
390 3263 426 3324 ab
454 3262 597 3323 alterutro
622 3260 895 3322 vitiatumcantum
921 3264 1078 3322 instantem
1098 3263 1276 3332 adverteret;
1299 3260 1390 3317 iterum

305 3357 403 3434 inquit
420 3355 572 3416 redeamus
593 3354 629 3414 ad
649 3355 772 3419 fontem.
810 3347 1006 3416 Fuitinterim
1022 3357 1145 3416 maximo
1159 3353 1303 3415 desiderio
1313 3351 1390 3410 Prae-

306 3448 371 3506 latis
391 3446 483 3505 sancti
504 3446 584 3512 Galli
605 3458 635 3506 et
654 3448 743 3509 beato
763 3451 895 3512 Notlrero
923 3449 1043 3528 aliisque
1063 3447 1209 3530 Magistris
1233 3445 1276 3505 ibi
1294 3446 1389 3526 degen-

307 3539 395 3613 tibus,
414 3549 448 3596 ut
467 3549 584 3597 cantum
603 3541 762 3600 secundum
783 3543 981 3602 authenticum
1001 3543 1238 3621 antiphonarium
1257 3547 1391 3622 regerent,

309 3643 339 3692 et
357 3630 497 3692 melodias
517 3630 653 3690 Romano
680 3653 763 3693 more
790 3645 936 3695 tenerent.
981 3633 1117 3710 Qualiter
1142 3647 1239 3694 autern
1263 3633 1313 3692 ista
1331 3650 1390 3711 pro-

309 3725 400 3786 secuti
419 3736 495 3800 sunt,
514 3724 651 3785 intimare
671 3727 831 3788 curavimus
856 3729 990 3807 posteris.
1034 3726 1154 3788 Mittens
1180 3747 1252 3808 ergo
1275 3727 1391 3806 Impera-

270 3891 274 3898 ν
309 3829 358 3878 tor
379 3816 502 3878 Carolus
522 3819 663 3896 Romam,
683 3821 720 3882 a'd
738 3820 900 3882 Adrianum
919 3821 1043 3901 Papam,
1067 3831 1169 3902 rogat,
1192 3831 1226 3880 ut
1252 3821 1279 3880 ei
1300 3819 1392 3878 iterum

310 3911 408 3970 mittat
427 3909 502 3970 duos
522 3911 671 3976 Romanos
692 3925 827 3974 cantuum
849 3935 956 4000 gnaros
976 3915 1007 3974 in
1022 3913 1184 3972 Franciam.
1223 3913 1306 3974 Tunc
1323 3911 1392 3990 Papa

204 4069 207 4076 ,
311 4004 400 4087 regiis
427 4003 564 4084 precibus
590 4026 736 4083 annuens,
765 4007 843 4066 iuxta
875 4007 1048 4086 petitionem
1077 4025 1158 4066 snam
1181 4005 1306 4066 seeundo
1331 4004 1392 4063 duos

312 4097 403 4157 mittit
421 4117 487 4156 cum
507 4097 680 4159 authenticis
700 4099 911 4179 antiphonariis
923 4110 953 4160 et
971 4109 1083 4177 septem
1093 4079 1265 4158 liberalibus
1284 4098 1392 4160 artibus:

314 4211 439 4270 quorum
464 4188 629 4268 Imperator
654 4213 755 4253 omnes
790 4193 907 4272 quidem
933 4191 1108 4272 corripuisse
1139 4191 1316 4252 dulcedinem
1339 4190 1392 4248 lto-

314 4283 529 4359 manicantes,
558 4281 675 4344 levitate
696 4284 819 4363 quadam
840 4284 987 4366 cognovit
1027 4283 1197 4345 Vocabatur
1216 4305 1287 4344 unus
1306 4302 1392 4343 eornm

315 4374 429 4451 Petrus,
448 4387 478 4436 et
496 4377 571 4436 alter
590 4377 755 4452 Romanus,
780 4388 914 4438 cantuum
937 4387 969 4444 et
993 4388 1105 4456 septem
1124 4377 1287 4438 liberalium
1304 4376 1392 4436 artium

797 4597 806 4629 l
