2908 5094
530 405 700 510 maa

80 607 211 658 essent.
235 597 364 664 ’Sensus'
377 608 474 661 autem
494 601 526 660 in
545 579 589 660 bis
609 602 743 664 omnibus
761 581 826 664 talis
840 613 912 680 erat,
931 613 964 664 ut
982 621 1129 684 nunquam
1142 597 1217 665 Pa:

39 706 41 716 ⁴
78 689 169 750 latio
193 689 266 752 tales
285 691 335 754 vel
351 692 427 755 tanti
447 694 581 754 deessent
600 693 750 770 ministri,
757 696 887 778 propter
905 695 956 758 bas
974 697 1133 778 praecipue
1151 693 1200 757 iuss

78 785 143 868 ιιι·
161 797 298 846 caeteras
317 784 515 860 necessitates,
534 785 581 846 rel
601 786 777 846 honestates.

88 879 267 940 XXV.¹
289 878 424 964 Primo,
432 888 465 937 ut
483 877 544 938 sive
563 879 742 961 generaliter
758 857 932 959 maioribus,
955 880 1017 942 rire
1036 878 1202 962 specialiter
1263 931 1266 936 .
1359 905 1365 926 ι

79 926 135 1033 ιιι
159 949 357 1079 singulariter
377 969 539 1051 quibusque
558 970 722 1031 minoribus
741 974 945 1036 recedentibus
966 967 1201 1054 omnitempore

80 1077 117 1126 et
138 1063 338 1126 multitudine
359 1081 504 1144 congrua,
529 1063 592 1123 sine
618 1085 675 1144 qua
688 1063 916 1142 rationabiliter
940 1080 971 1129 et
994 1068 1118 1142 honeste
1138 1086 1202 1128 esse
1252 1055 1262 1096 ·’

78 1169 154 1218 non
178 1168 301 1240 posset,
323 1175 439 1236 semper
463 1166 539 1215 esset
563 1169 699 1217 ornatum
715 1155 869 1238 palatium,
888 1169 919 1218 et
936 1157 1107 1220 consiliariis
1126 1179 1203 1220 cou-
1224 1217 1230 1236 ,

79 1252 199 1333 dignis
218 1269 366 1330 uunquam
387 1247 554 1309 ιιειιιιιιιιιιιι
573 1249 683 1310 fuisset.
721 1249 771 1324 Et,
790 1262 824 1311 ιιι
842 1247 1050 1332 qualiscunque
1065 1251 1202 1334 Legatlo,

76 1345 152 1406 sive
177 1341 403 1423 speculandi,
379 1361 439 1402 uve
452 1330 538 1401 etiam
549 1331 693 1402 subdendi
683 1343 801 1426 rgratia
816 1343 955 1418 veniret,
961 1344 1093 1422 qualiter
1099 1365 1201 1406 omnes

11 1451 13 1458 ·
77 1437 220 1516 quidem
240 1435 362 1496 bdneste
382 1434 489 1514 suscipi
508 1435 682 1515 potuissent.
710 1435 829 1496 Deinde
848 1436 958 1518 primus
978 1435 1095 1496 consilii
1110 1437 1201 1498 recti-

78 1529 250 1604 tudinem,
275 1529 419 1608 secnirdus
443 1527 661 1590 misericordiae
686 1537 717 1588 et
742 1527 933 1612 benignitatis
957 1525 1202 1605 consolationem,
1275 1559 1276 1566 ι

79 1623 203 1683 tertius
222 1620 458 1702 veroflvlersutiae
477 1635 529 1682 seu
547 1621 719 1704 temeritatis
747 1640 844 1683 sermo
871 1617 1000 1684 referret
1017 1621 1201 1696 medicinam.
1263 1658 1265 1668 ·

79 1715 128 1776 Et
155 1726 196 1774 ut
222 1735 255 1775 ex
281 1730 463 1794 quacumque
488 1725 571 1794 parte
595 1705 686 1776 totius
705 1713 821 1799 Regni,
849 1716 1024 1796 quicumque
1044 1714 1203 1792 desolatus,

84 1808 232 1885 orbatus,
250 1805 348 1868 alieno
368 1825 439 1888 aere
457 1827 627 1888 oppressus,
652 1809 758 1870 ιιιιιιιιε
770 1808 921 1870 columnia
941 1807 1088 1908 cuiusque
1105 1806 1201 1869 sullu-

82 1913 195 1978 catus,
219 1921 272 1962 seu
292 1911 406 1962 caetera
425 1899 471 1960 bis
488 1900 639 1977 similia,
632 1917 707 1980 quae
728 1900 813 1963 'nuuc
833 1901 1006 1962 enumerare
1024 1895 1202 1986 perlongum

84 2005 145 2070 est,
167 1993 404 2054 maximetameu
424 1993 461 2052 de
479 1993 584 2069 viduis,
602 2005 634 2054 et
653 1985 803 2074 orphanis,
820 2006 881 2056 taur
892 1993 1041 2056 seniorum
1057 2008 1203 2075 quamque
1265 2033 1278 2052 .

84 2099 118 2148 et
139 2085 357 2160 mediocrium,
382 2083 608 2164 uniuscuiusque
630 2086 788 2146 secuudum
818 2109 898 2149 suam
923 2088 1130 2197 indigentiam,
1152 2085 1202 2146 vel

84 2179 278 2259 qualitatem,
296 2177 496 2241 Domiuorem
514 2197 587 2240 vero
612 2178 840 2239 miseritordiam
866 2191 897 2266 et
920 2181 1060 2274 pietatem
1084 2173 1202 2259 semper

83 2273 130 2352 ad
147 2289 273 2351 manum
293 2270 432 2346 haberet,
461 2290 517 2352 per
542 2291 630 2352 quem
654 2269 762 2374 singuli
787 2271 823 2332 ad
850 2257 911 2350 pias
943 2285 1026 2332 aures
1050 2261 1197 2350 Principis
1289 2269 1291 2276 ’

78 2345 234 2490 perferre
253 2365 425 2441 potuissent.

138 2447 284 2517 XXVI.
295 2455 457 2562 Similiter,
476 2456 527 2534 qui
545 2427 670 2536 propter
689 2453 832 2518 diutinum
845 2453 999 2518 seruitium
1005 2453 1093 2537 dig'ni
1107 2461 1201 2529 eraut,

84 2559 123 2620 ut
142 2545 333 2608 remunerari
353 2529 532 2624 debuissent,
551 2561 581 2608 et
599 2548 681 2637 locus
699 2549 764 2609 talis
784 2547 970 2624 occurrebat,
988 2546 1040 2607 nbi
1061 2565 1095 2606 ex
1113 2541 1201 2626 prae-

89 2641 183 2702 dictis
204 2639 407 2721 indigentibus
426 2659 514 2700 nemo
534 2639 597 2701 sine
616 2629 750 2702 mensura
768 2643 984 2718 destitueretur,
1003 2635 1135 2700 simililer
1153 2647 1200 2698 se'-

89 2733 227 2794 cundum
248 2733 356 2793 eoruui
382 2732 551 2811 qualitatem
575 2734 612 2794 ad
631 2729 802 2796 memoriam
828 2733 999 2816 Principum
1023 2741 1201 2802 revocaren-
1227 2777 1229 2782 .

69 2835 156 2897 tur-3
176 2843 242 2884 non
260 2836 320 2884 tarn
338 2825 408 2904 ipsis
426 2823 609 2910 urgentibus,
630 2849 715 2908 quam
736 2849 849 2904 eorum,
868 2825 1030 2909 dequibus
1048 2813 1200 2919 supradi-
1238 2869 1240 2888 .

85 2921 175 2978 ¹c'turu
198 2929 269 2993 est,
297 2917 392 2977 fidem
416 2929 463 2976 et
472 2917 602 2976 debitum
627 2920 825 3003 exigentibus,
843 2933 885 2982 ut
915 2921 946 2980 in
975 2921 1016 2982 ¹eis
1046 2921 1077 2995 ιιι
1106 2899 1201 2979 fieret

92 3010 201 3071 Primo
223 3021 354 3092 propter
376 2987 468 3092 quod
483 3011 557 3068 cuni
558 3009 683 3070 iustitia
705 3023 735 3071 et
751 3011 953 3074 misericordia
971 3014 1040 3072 Deo
1060 3012 1200 3091 placeret.

89 3103 245 3186 Deinde
236 3125 268 3162 ru
282 3103 390 3164 militia
409 3101 629 3164 remanentibus
649 3104 837 3167 certissimam
856 3103 984 3164 fideliter
1000 3101 1146 3164 serviendi
1163 3099 1199 3157 fi.
1234 3107 1260 3169 ,’

93 3196 162 3256 dem
185 3197 428 3257 et'constantia'm
449 3195 656 3257 ministrarent.
696 3195 813 3257 Deinde
838 3208 871 3256 ιιι
887 3193 982 3255 ἐιιιιιι
1007 3193 1098 3274 longe
1118 3191 1199 3270 posi’-

92 3290 129 3350 tis
150 3307 211 3369 per
225 3286 324 3352 ¹totius
347 3287 444 3370 Regni
468 3287 608 3348 ambitum
632 3289 781 3350 laetitiam·
800 3301 830 3347 et
854 3287 991 3370 gaudium
1016 3281 1199 3346 demonstra-

93 3393 176 3462 rent.¹
214 3381 255 3440 Et
274 3379 304 3460 si
317 3371 419 3458 aliquis
439 3381 729 3458 criministerialibua
752 3380 801 3439 vel
827 3377 1000 3440 consiliariis
1027 3375 1200 3452 decedebat,
1288 3371 1306 3448 J

93 3474 164 3537 loco
187 3473 251 3536 eius
271 3491 419 3554 congruus
438 3483 469 3533 et
487 3473 571 3532 utilis*
585 3471 801 3533 restituebatur.

151 3567 280 3628 XXVII.
315 3567 360 3626 Et
383 3577 417 3626 ut
440 3565 490 3626 illa
513 3565 685 3640 multitudo,
711 3585 785 3672 quae
811 3565 842 3625 in
866 3565 975 3647 palatio
1001 3561 1199 3644 temperasse

97 3657 200 3744 debet,
220 3659 424 3741 indeficienter
448 3660 741 3740 persistereposset,
767 3655 810 3738 bis
829 3660 921 3719 tribus
943 3657 1097 3732 ordinibus
1115 3655 1199 3718 love·
1255 3695 1258 3710 ι
1281 3725 1283 3730 Ι

97 3750 194 3813 batur.
233 3753 304 3812 Uno
323 3753 470 3830 vittelicet,
490 3764 523 3813 ιιι
543 3753 651 3834 absque
671 3751 838 3812 mitiisteriis
864 3751 997 3832 ‘expediti'
1011 3749 1127 3825 milites,
1146 3767 1199 3823 an-

11 3909 12 3914 ,
92 3846 227 3926 teposita
246 3845 443 3926 Dominorum
462 3846 645 3957 benignitate
665 3857 696 3907 et
714 3837 920 3931 sollicitudiqe,
940 3839 996 3924 qud
1015 3841 1202 3912 unoetvictu,
1273 3863 1281 3880 ι

93 3945 180 3999 nunt
199 3939 323 4014 vestitu,
342 3947 431 4016 uuirt
441 3959 530 4017 auro,
549 3958 627 4000 nunc
647 3950 790 4021 argento,
809 3937 898 3996 modo
919 3935 1050 4040 equis,
1036 3937 1091 3998 tet·
1103 3943 1199 3993 caete·
1224 3931 1231 3938 ’

96 4031 141 4091 ris
162 4033 364 4117 ornamentis,
372 4033 518 4097 interdum
538 4029 713 4114 specialiter,
724 4029 891 4108 aliquando
903 4027 997 4110 proiit
1004 4023 1131 4122 tempus,
1150 4043 1199 4082 ra-

11 4135 13 4154 *
102 4122 145 4182 tio
166 4137 196 4185 et
216 4125 291 4186 ordo
312 4107 488 4206 condignam
508 4135 683 4206 potestatem
703 4121 930 4196 administrabat,
945 4121 1079 4198 saepius
1091 4111 1196 4204 potre-

105 4215 157 4282 ctis
177 4217 209 4277 in
228 4239 265 4278 eo
284 4228 383 4276 tamen
403 4219 626 4278 indeficientem
640 4215 887 4289 consolationem,
907 4231 1032 4272 necnon
1045 4211 1082 4269 ad
1095 4207 1199 4290 'regale

108 4309 308 4394 obsequium
314 4295 524 4390 inflammatum
551 4311 686 4370 animum
718 4307 863 4389 ardentius
894 4305 1009 4383 semper
1039 4301 1199 4364 lrab'ebaut:

110 4405 192 4478 quod'
215 4404 283 4464 ιιιὸι
308 4413 377 4484 prae
381 4402 431 4461 fati
457 4403 612 4485 Capitonei
639 4403 739 4463 minist
727 4383 842 4507 ιιιιιιιι
873 4395 1004 4456 ιειιιιιιιι
1018 4397 1067 4458 'de
1098 4393 1177 4456 die
1168 4415 1200 4452 ru
