2890 5092
66 617 249 695 imparatum
274 633 336 676 esse
361 613 466 675 dixerit
490 623 521 673 et
544 612 731 693 praeterierit
753 615 940 692 mandatum,
972 616 1008 678 ad
1037 611 1174 698 palatium

66 699 265 788 perducatur3
286 718 316 768 et
334 728 397 768 nou
417 704 592 780 solum-ille,
611 705 662 766 sed
681 705 767 767 etiam
789 727 890 768 omues
911 709 961 788 qui
981 709 1110 770 bannum
1126 711 1175 772 vel

67 814 265 883 praeceptum
284 813 418 862 nostrum
438 798 643 880 transgredere
663 811 858 877 praesumunt

121 959 169 1010 De
185 959 288 1012 honoro
302 926 495 1027 Episcoporurn
515 967 540 1008 et
555 953 776 1026 Presbyterornm.
809 956 844 1008 Et
862 959 894 1011 do
910 955 1008 1028 nuptiis
1025 958 1125 1014 illicitis.

129 1059 252 1122 XXXV.
290 1057 333 1116 Ut
364 1075 466 1116 omnes
492 1054 622 1134 omnino
638 1053 805 1133 Episcopus
832 1067 861 1114 et
888 1058 1083 1138 Presbyteros
1108 1081 1176 1122 suos

48 1152 159 1220 ‘omni
184 1153 299 1212 honore
323 1159 503 1232 venerentur
526 1149 558 1210 in
585 1147 704 1210 servitio
732 1157 764 1206 et
789 1147 940 1212 voluntate
969 1153 1042 1224 Dei;
1073 1165 1104 1214 et
1136 1175 1176 1214 ne
1211 1139 1213 1148 ¹

57 1243 203 1312 incestis.
220 1243 329 1322 nuptiis
355 1252 385 1302 et
404 1261 435 1305 se
459 1241 538 1322 ipsos
558 1253 588 1302 et
606 1251 739 1302 caeteros
763 1239 909 1302 maculare
934 1247 1074 1322 audeant,
1102 1267 1175 1308 con.

65 1337 256 1399 iunctiones..
269 1335 365 1396 Iacere
391 1355 453 1394 non
483 1345 669 1414 praesumant
693 1345 850 1413 autequam
874 1334 1017 1416 Episcopi
1047 1339 1176 1422 Presby-

66 1431 132 1492 teri
155 1452 220 1490 cum
239 1427 403 1493 senioribus
423 1427 527 1508 populi
546 1427 831 1510 consanguinitatem
849 1427 1090 1510 coniungentium
1111 1434 1177 1494 dili.

67 1533 183 1605 genter
203 1521 367 1604 exquirant3
393 1532 424 1581 et
448 1533 518 1582 tunc
543 1543 608 1582 cum
629 1520 838 1583 benedictione
864 1521 1033 1602 iungantur.
1071 1524 1178 1585 Ebrie-

68 1626 166 1674 tatem
187 1615 328 1690 devitent,
347 1615 536 1694 rapacitatem
556 1615 681 1696 sugiant,
700 1614 810 1674 lurtum
830 1635 893 1673 non
917 1613 1128 1687 faciantplites
1149 1631 1179 1678 et

70 1707 285 1768 contentiones
305 1718 393 1788 atque
413 1708 602 1788 blasphemia,
621 1708 682 1770 slve
702 1709 734 1770 in
754 1707 896 1768 conviviis
915 1707 976 1769 sive
995 1708 1033 1783 in,
1047 1711 1178 1790 compla-
1223 1717 1233 1736 ‘
1253 1768 1256 1778 ,

71 1799 149 1877 cito,
169 1800 292 1880 omnino
313 1801 490 1878 devitentur,
508 1802 561 1864 sed
580 1823 646 1862 cum
666 1802 788 1864 caritate
807 1812 838 1862 et
857 1801 1016 1862 concordia
1034 1803 1140 1864 vivant.

124 1955 164 2007 Ut
182 1975 272 2008 omnes
289 1920 379 2010 Missis¹
388 1956 524 2010 dominicis
548 1955 734 2010 consentientes
754 1957 805 2010 aiut
822 1957 856 2010 ad
871 1955 1129 2012 iustitias'faciendae.

451 2042 486 2093 Et
503 2043 536 2092 ela
550 2038 666 2110 perlatio
684 2043 805 2096 cavendo.

131 2140 270 2201 XXXVI.
308 2141 349 2200 Et
368 2152 400 2200 ut
419 2161 522 2202 omnes
543 2140 665 2200 omnino
686 2143 723 2201 ad
742 2162 860 2202 omnem
870 2141 1008 2207 iustitiam
1021 2163 1193 2224 exsequenm

73 2235 144 2294 dam
164 2233 259 2294 Missis
279 2235 386 2294 nostris
405 2235 464 2294 sint
489 2233 723 2304 consentientem
748 2244 778 2292 et
802 2255 886 2293 usum
911 2237 1032 2313 periurii
1057 2239 1180 2297 omniuo

73 2350 141 2389 non
162 2321 342 2407 permittant,
363 2328 430 2409 quia
450 2328 508 2389 hoc
527 2326 684 2408 pessimum
704 2324 797 2384 scelus
810 2323 980 2386 Christiano
994 2329 1107 2407 populo
1128 2351 1181 2388 au:

71 2421 153 2480 Ierri
172 2439 290 2480 necesse
310 2433 361 2480 est.
400 2422 434 2480 Si
455 2421 518 2501 quis
538 2431 635 2481 autem
655 2419 800 2499 posthoc
825 2417 859 2476 in
882 2417 1012 2496 periurio
1039 2419 1181 2508 probatus
1284 2441 1287 2454 ·

74 2513 181 2590 fuerit,
200 2533 317 2574 manum
328 2513 445 2574 dextera
455 2534 572 2592 semper
591 2513 747 2585 deresciat;
765 2521 866 2573 tamen
878 2510 1041 2574 hereditate
1061 2513 1182 2594 propria

75 2609 236 2690 priventur
255 2626 347 2685 usque
367 2606 403 2666 ad
422 2617 555 2668 nostrum
574 2603 722 2665 iudicium.

238 2778 282 2832 De
297 2778 428 2850 patricidis
445 2793 470 2832 et
485 2777 637 2844 fratricidis,
655 2778 730 2830 etde
748 2796 839 2832 eorum
855 2779 1023 2850 poenitentia.
1040 2795 1043 2808 ’
1071 2815 1074 2829 ,

135 2879 290 2940 XXXVII.
328 2881 372 2940 Ut
389 2881 420 2940 hi
440 2880 490 2958 qui
510 2879 662 2960 patricidia
682 2878 729 2940 vel
749 2877 909 2942 fratricidia
929 2881 1071 2956 fecerint,
1090 2900 1182 2943 artin-

79 2973 196 3047 culum,
214 2983 365 3052 patruum,
390 2971 438 3034 vel
457 2971 583 3050 aliquem
602 2991 636 3030 ex
656 2971 830 3050 propinquis
850 2973 1027 3049 occiderint,
1051 2985 1082 3033 et
1106 2975 1183 3034 iudi-

80 3067 157 3126 cium
178 3065 404 3145 Episcoporum,
423 3063 679 3146 Presbyterorum,
699 3073 939 3144 caeterorumque
955 3065 1089 3124 Indicum
1109 3065 1183 3126 obe-

80 3159 144 3222 dire
166 3170 197 3218 et
216 3159 383 3220 consentire
402 3145 569 3232 noluerint,
594 3157 674 3236 quod
699 3157 736 3216 ad
760 3156 881 3218 salutem
908 3158 1022 3218 animae
1050 3177 1119 3216 suae
1138 3159 1184 3216 iu-
1259 3190 1268 3208 κ

81 3263 217 3331 stumque
247 3251 385 3312 iudicium
405 3251 578 3313 solvendum
603 3251 684 3312 Missi
709 3249 804 3310 nostri
829 3262 859 3310 ct
885 3249 1018 3310 Comites
1042 3250 1074 3307 in
1098 3249 1184 3332 Italia
1289 3244 1293 3261 “
1386 3323 1388 3331 Ι

82 3343 216 3406 custodia
241 3357 376 3404 coartent
407 3356 440 3404 ut
464 3345 534 3406 salvi
563 3345 637 3419 sint,
669 3360 726 3403 nec
752 3353 899 3402 caeterum
925 3341 1068 3423 populum
1098 3343 1183 3403 coin-

83 3439 223 3516 quinent,
248 3457 339 3516 usque
365 3438 433 3497 dum
459 3435 491 3495 in
522 3449 623 3496 nostra
654 3434 819 3516 praesentia
848 3435 1061 3518 perducantur,
1092 3447 1123 3497 et
1147 3436 1184 3498 de
1233 3483 1237 3493 ,

82 3550 129 3592 res
149 3531 285 3612 proprias
304 3551 368 3592 suas
387 3531 505 3591 interim
525 3529 599 3590 nihil
618 3529 756 3590 habeant.

352 3685 394 3739 tte
409 3685 503 3740 illicitis
527 3699 552 3738 et
568 3685 669 3739 incestis
686 3683 919 3740 coniunctionibus.

141 3785 311 3847 XXXVIII.
350 3785 492 3846 Similiter
512 3785 604 3845 ethis
628 3786 680 3845 fiat
699 3786 750 3865 qui
768 3784 887 3846 inlicitis
915 3795 945 3845 et
969 3783 1086 3876 incestis
1110 3810 1184 3850 con-

87 3875 286 3942 iunctionibus
296 3880 469 3960 reprehensi
484 3890 553 3939 sunt
563 3878 704 3960 correpti,
724 3890 754 3938 et
769 3899 826 3938 nec
844 3897 875 3938 ae
896 3879 1052 3942 emendare
1070 3882 1186 3957 volunt,
1280 3927 1291 3950 .,
1341 3889 1343 3902 “

88 3991 186 4052 neque
205 3971 359 4056 Episcopis
379 3993 475 4052 neque
495 3969 680 4054 Presbyteris
700 3971 758 4032 suis
779 3970 986 4052 obtemperare
1007 3985 1038 4034 et
1056 3973 1185 4033 bannum

90 4077 221 4126 nostrum
240 4077 429 4146 praesumunt
448 4066 648 4126 contemnere.

263 4219 301 4270 Ut
317 4238 395 4272 nuno
412 4217 538 4272 feramina
554 4221 654 4274 furetur
670 4219 700 4278 in
714 4219 851 4276 forestibus
869 4217 1012 4272 dominicis.
1083 4232 1089 4245 '

131 4299 280 4381 XXXIX.
318 4319 410 4413 Utin
431 4318 555 4379 forestes
574 4330 688 4382 nostras
708 4318 849 4382 feramina
868 4329 969 4406 nostra
988 4335 1076 4380 nemo
1096 4319 1187 4386 furari

96 4411 211 4490 uideat,
239 4413 320 4494 quod
344 4411 402 4472 iam
426 4411 524 4475 multis
548 4411 660 4476 vicibus
689 4412 752 4473 fieri
780 4411 1022 4500 contradiximus,
1053 4425 1083 4474 et
1110 4436 1187 4476 nunc
