2908 5094
246 569 511 654 Langobardorum
533 579 621 650 gente
647 565 810 647 polluatur,
835 584 909 643 quae
933 564 964 622 in
988 579 1126 632 numero
1138 560 1272 644 gentium
1300 579 1358 620 ne-

252 685 393 744 quaquam
414 672 608 741 computatur,
628 661 663 720 de
684 659 763 720 cuius
784 657 905 718 natione
918 667 947 716 et
964 655 1148 736 leprosorum
1165 675 1258 736 genus
1279 637 1358 712 oriri

253 767 364 818 certum
386 752 448 814 est?
486 752 590 814 Nullus
610 744 687 816 euim
709 751 758 832 qui
777 761 906 812 mentem
926 769 1024 810 sanam
1040 747 1138 822 habet,
1157 748 1215 808 boc
1235 746 1282 806 vel
1303 769 1358 806 su-

253 849 357 930 spicari
376 857 491 928 potest,
515 857 548 906 ut
566 846 638 906 tales
658 833 878 905 nominatissimi
898 842 994 924 Reges
1019 852 1101 900 tanto
1123 838 1288 901 detestabili
1309 850 1359 898 at-

254 961 311 1024 que
330 939 521 1001 abominabili
540 939 677 1020 contagio
698 937 894 1017 implicentur.
941 935 1027 1008 Quae
1054 934 1131 992 enim
1151 933 1275 994 societas
1295 931 1361 992 luci

255 1036 305 1095 ad
310 1015 466 1094 tenebras?
485 1043 534 1092 aut
555 1047 627 1112 quae
647 1053 713 1114 pars
734 1029 814 1090 fideli
840 1049 907 1088 cum
926 1026 1057 1087 infideli?
1096 1027 1231 1102 Etenim,
1262 1027 1357 1086 mitis-

177 1129 181 1138 ’
255 1127 320 1188 simi
340 1138 369 1186 et
388 1147 404 1186 a
423 1126 491 1186 Deo
511 1124 635 1183 instituti
654 1121 854 1205 benignissimi
873 1119 1009 1202 Reges,'
1000 1141 1057 1180 ram
1076 1120 1135 1179 Dei
1153 1119 1304 1180 voluntate
1327 1131 1361 1181 et

257 1219 381 1281 oonsilio
402 1217 540 1299 coniugio
564 1217 697 1300 legitimo
726 1236 760 1276 ex
784 1214 995 1296 praeceptione
1022 1212 1165 1293 genitoris
1188 1213 1277 1274 vestri
1304 1234 1360 1273 co-

257 1312 351 1392 pulati
371 1312 447 1388 estis,
466 1309 652 1389 accipientes,
667 1307 747 1368 sicut
765 1307 908 1388 praeclari
932 1317 962 1366 et
980 1306 1155 1368 nobilissimi
1181 1307 1293 1388 Reges,
1321 1308 1361 1366 de

261 1406 363 1468 eadem
382 1415 476 1467 vestm
494 1403 600 1483 patria,
619 1401 731 1462 scilicet
751 1423 785 1462 ex
794 1402 855 1481 ipsa
867 1399 1048 1460 ndbilissima
1062 1401 1243 1460 Francorum
1258 1413 1362 1482 gente,

257 1496 465 1578 pulcherrimas
485 1496 635 1578 coniuges,
655 1507 685 1554 et
704 1516 803 1556 earum
822 1516 874 1555 vos
895 1505 1016 1575 oportet
1031 1493 1124 1554 amori
1138 1513 1200 1554 esse
1219 1495 1359 1554 adnexos.

313 1591 355 1650 Et
374 1601 453 1650 certe
473 1610 535 1648 uon
554 1589 639 1651 vobis
663 1587 748 1662 licet,
778 1587 818 1646 eis
845 1587 984 1662 dimissis,
1013 1587 1081 1646 alias
1107 1588 1215 1647 ducere
1242 1607 1360 1662 uxores,

257 1682 305 1744 vel
326 1696 479 1743 extraneae
497 1681 624 1742 nationis
644 1680 898 1762 consanguinitate
918 1680 1083 1740 immisceri.
1120 1678 1238 1738 Etenim
1260 1679 1358 1739 nullus

260 1795 295 1838 ex
312 1777 413 1839 vestris
432 1775 614 1856 parentibus,
632 1775 744 1836 scilicet
763 1795 859 1854 neque
880 1795 948 1836 avus
968 1785 1078 1848 vester,
1103 1793 1200 1852 neque
1220 1793 1358 1852 proavus,

260 1870 311 1930 sed
330 1889 386 1929 nec
405 1881 500 1932 vester
519 1870 646 1952 genitor,
666 1889 700 1928 ex
719 1867 776 1927 alio
797 1887 902 1951 regno,
921 1867 969 1930 vel
988 1879 1123 1927 extranea
1142 1865 1264 1925 natione
1284 1886 1360 1924 con-

260 1961 358 2043 iugem
378 1961 500 2042 accepit.
536 1961 577 2020 Et
597 1961 660 2040 quis
680 1961 717 2022 de
736 1972 834 2022 vestro
861 1960 1044 2022 nobilissimo
1070 1979 1180 2040 genere
1204 1977 1235 2018 se
1256 1969 1360 2018 conta-

260 2053 374 2113 minare
393 2065 444 2114 aut
468 2053 655 2114 commiscere
680 2075 745 2113 cum
768 2054 887 2114 horrida
910 2052 1174 2134 Langobardorum
1199 2065 1288 2133 gente
1315 2053 1360 2111 di-

218 2175 220 2184 =
262 2156 366 2227 gnatus
386 2157 439 2222 est,
458 2157 492 2206 ut
509 2167 589 2206 nunc
607 2167 659 2207 vos
678 2146 838 2206 suademini
852 2145 1236 2227 (quodavertatDominus)
1257 2147 1361 2206 eadem

261 2235 399 2332 horribili
418 2250 518 2347 gente
528 2238 642 2320 pollui?
680 2239 784 2319 Itaque
814 2241 909 2300 nullus
935 2251 1070 2300 externae
1094 2239 1189 2319 gentis
1213 2251 1362 2316 assumpta

263 2323 399 2410 coniuge,
419 2331 552 2410 innoxips
571 2333 776 2412 perseveravit.
818 2331 987 2406 Advertite,
1015 2352 1140 2412 quaeso,
1165 2329 1265 2410 quanti
1285 2351 1361 2408 qua·
1444 2382 1448 2422 ἱ

262 2421 363 2501 lesquc
383 2424 525 2485 Potentes
545 2445 600 2505 per
620 2425 784 2506 alienigena
803 2423 940 2506 coniugia
969 2445 985 2484 a
1005 2424 1169 2504 praeceptis
1189 2423 1248 2483 Dei
1268 2423 1361 2483 decli·
1447 2435 1448 2439 ’

239 2522 241 2532 ’
264 2527 380 2590 nantes,
398 2528 428 2576 et
441 2538 561 2588 ,suarum
581 2528 736 2596 sequentes
760 2536 880 2602 uxorem
900 2515 1083 2598 alienigenae
1109 2517 1204 2597 gentis
1223 2515 1360 2578 volunta-

233 2653 236 2674 .
262 2618 342 2683 tem,
365 2607 466 2673 validis
484 2609 582 2669 innexi
607 2608 778 2684 excessibus,
796 2608 936 2669 immensa
949 2609 1098 2689 pertulere
1114 2609 1274 2669 dicrimine.
1299 2609 1359 2668 Irn-
1448 2631 1449 2658 ι

263 2701 345 2780 pium
365 2703 443 2762 enim
463 2715 507 2766 est
525 2715 558 2763 ut
575 2703 622 2764 vel
642 2701 757 2782 penitus
777 2701 878 2763 vestris
897 2702 1036 2762 ascendat
1053 2702 1200 2779 cordibus,
1220 2702 1289 2762 alias
1309 2723 1360 2762 ac-

265 2791 365 2872 cipere
386 2815 487 2856 uxores
507 2815 672 2876 superem,
692 2815 760 2873 quas
781 2793 913 2873 primitus
932 2815 984 2858 vos
1004 2807 1115 2855 certum
1136 2804 1179 2858 est
1204 2795 1360 2873 accepisse.
1429 2789 1450 2814 '¹

263 2885 334 2946 Non
353 2885 437 2949 vobis
456 2887 595 2950 convenit
613 2887 671 2946 tale
691 2907 833 2968 peragere
857 2887 955 2964 nesas,
981 2888 1030 2968 qui
1050 2885 1147 2971 leg'em
1164 2887 1224 2947 Dei
1243 2889 1360 2964 tenetis,

265 2981 297 3038 ct'
315 2977 399 3054 alios,
419 2999 457 3040 ne
476 2979 545 3040 talia
565 2986 662 3062 agant,
682 2979 836 3060 corripitis.
875 2980 956 3040 Haec
977 2979 1237 3062 quippe‘paganae
1257 2993 1361 3064 gentes

265 3070 391 3132 iaciunt:
412 3095 479 3134 nam
498 3071 574 3134 absit
593 3072 650 3158 boc
671 3095 686 3132 a
706 3071 806 3146 vobis,
833 3072 882 3151 qui
903 3073 1026 3152 perfecti
1046 3073 1112 3132 estis
1134 3073 1306 3148 Christiani,
1331 3086 1363 3134 et

265 3185 338 3245 gens
363 3178 477 3241 sancta,
507 3177 593 3244 atque
618 3165 717 3248 regale
744 3164 811 3224 estis
841 3164 1053 3222 Sacerdotium.
1098 3165 1305 3228 Recordamini
1332 3181 1362 3228 et

172 3329 175 3337 Ι
265 3258 449 3320 considerate
475 3258 542 3339 quia
567 3255 635 3316 oleo
661 3267 761 3317 sancto
786 3254 867 3314 uncti
886 3276 939 3334 per
962 3275 1063 3316 manus
1089 3257 1199 3318 Vicarii
1223 3261 1257 3319 B.
1278 3261 1360 3320 Petri

265 3349 384 3408 caelesti
402 3351 611 3412 benedictione
632 3349 699 3412 estis
719 3347 903 3420 sanctificati;
928 3359 958 3408 et
977 3349 1136 3410 cavendum
1155 3351 1238 3414 vobis
1259 3365 1305 3412 est
1322 3373 1361 3413 nc

262 3438 351 3497 tantis
375 3442 503 3501 reatibus
528 3443 727 3522 implicemini
779 3441 963 3502 Mementote
992 3442 1063 3517 hoc,
1091 3443 1363 3522 praecellentissimi

181 3561 184 3572 ·
264 3529 334 3605 filii,
347 3533 427 3610 quod
445 3544 561 3593 sanctae
581 3533 794 3592 recordationis
810 3535 1018 3640 praedecessor
1032 3546 1134 3594 noster
1147 3535 1269 3596 domnus
1292 3538 1362 3598 Ste-

265 3611 377 3702 pharius
397 3624 478 3706 Papa
498 3623 753 3684 excellentissimae
772 3644 930 3686 memoriae
941 3627 1107 3707 genitorum
1125 3640 1253 3690 vestrum
1274 3629 1363 3691 obte-
1426 3628 1432 3647 ¹

265 3726 355 3778 status
376 3729 419 3778 est
438 3728 471 3777 ut
489 3737 672 3797 nequaquam
692 3731 891 3796 praesumeret
915 3719 1062 3779 dimittere
1087 3721 1234 3782 domniam
1258 3735 1288 3783 et
1306 3745 1362 3806 ge-

265 3807 401 3869 nitricem
419 3821 558 3882 vestram,
577 3809 699 3890 etipse,
718 3809 793 3869 sicut
810 3831 912 3874 revera
934 3811 1192 3874 Christianissimus
1209 3815 1280 3892 lien,
1300 3817 1363 3879 eius

268 3901 422 3962 salutiferis
443 3901 659 3982 obtemperarit
677 3901 805 3962 monitis.
1299 3962 1302 3966 .

294 3996 398 4054 Nam
425 4005 456 4053 et
485 3991 558 4056 illud
582 3994 790 4056 Excellentiam
815 4007 938 4058 vestram
969 4009 1089 4077 oportet
1116 4001 1297 4076 meminisse,
1320 4003 1362 4062 ita

266 4109 319 4149 vos
345 4087 380 4146 B.
406 4086 498 4146 Petro
523 4097 553 4145 et
576 4087 709 4165 praefato
735 4084 854 4148 Vicario
880 4090 953 4165 eius,
975 4091 1030 4150 vel
1060 4093 1120 4152 eius
1146 4093 1363 4155 successoribus

267 4179 471 4260 spopondisse,
490 4199 520 4238 se
540 4178 639 4239 amicis
658 4181 764 4240 nostris
784 4182 891 4242 amicos
912 4203 989 4259 esse,
1013 4195 1043 4244 et
1067 4206 1097 4245 se
1120 4185 1244 4246 inimicis
1264 4187 1364 4246 inimi-

268 4290 334 4345 cos,
359 4273 431 4333 sicut
456 4283 485 4332 et
509 4293 564 4333 nos
589 4271 620 4332 in
649 4273 749 4332 eadem
775 4276 934 4354 sponsione
955 4275 1274 4340 firmiter'dinoscimur
1293 4301 1364 4360 per-

266 4383 393 4426 manere.
437 4369 477 4430 Et
501 4365 651 4448 quomodo
677 4387 754 4428 nunc
783 4380 886 4431 contra
910 4369 1021 4445 animas,
1042 4383 1151 4435 vestras
1175 4391 1274 4455 agere
1289 4393 1365 4435 con-
