2890 5092
720 643 914 732 LXXXIV,
940 641 971 718 b.

308 719 311 728 Ι
326 719 562 846 Πρω
586 769 799 828 zunul-e
821 773 954 842 rupee
976 775 1029 829 nd
1043 770 1312 830 ΒοιιΜιιιι

674 853 961 926 coepiscopum
974 857 1018 929 ¹).

255 1059 260 1076 ,
354 999 496 1084 Virgilius
521 1009 552 1062 et
575 996 721 1059 Sedonius
744 997 876 1081 religiosi
902 999 957 1062 riri
980 998 1067 1080 {apud
1091 999 1299 1065 Baioariorum
1330 1023 1394 1082 pro·
1435 1013 1436 1018 ’

298 1096 424 1162 vinciam
444 1095 585 1177 degentes
605 1091 663 1153 auis
682 1111 736 1152 nos
755 1091 848 1152 literis
868 1091 1030 1152 visitarunt.
1069 1091 1129 1152 Per
1153 1113 1224 1172 quas
1244 1093 1393 1157 intimare·
1435 1117 1436 1178 l

295 1200 381 1264 runt,
400 1188 480 1268 quod
498 1197 548 1247 tua
567 1185 728 1248 reverenda
747 1183 772 1243 F
773 1183 927 1246 reternrtas
948 1184 990 1246 eis
1009 1183 1193 1267 iniungeret,
1213 1184 1391 1248 Christianos
1435 1183 1436 1276 l

296 1285 396 1346 denuo
416 1279 576 1362 baptizare.
611 1277 703 1352 Quod
722 1276 924 1340 audientes'
894 1277 980 1338 usmis
999 1297 1095 1338 sumus
1116 1278 1297 1356 conturbati,
1318 1293 1347 1342 et
1365 1281 1391 1340 iu
1434 1285 1436 1350 i

294 1374 519 1439 ltdmirationern
540 1371 684 1452 quandam
703 1369 872 1442 incidissus3
891 1369 1039 1446 sehabet,
1064 1380 1097 1430 ut
1116 1370 1225 1432 dictum
1246 1385 1300 1434 est.
1337 1361 1436 1434 Re·
1435 1421 1436 1438 ι

289 1468 426 1546 aulea-m
449 1465 559 1546 quippe
583 1461 665 1544 quod
690 1461 812 1524 fuerit
799 1485 834 1524 ιιι
858 1464 961 1526 eedem
983 1462 1140 1544 provincia
1163 1466 1319 1543 sacerdos,
1349 1469 1391 1548 qui
1434 1507 1436 1610 1

293 1563 428 1623 Latinam
446 1557 577 1638 linguam
596 1555 900 1638 penitnsignorabat,
919 1567 951 1618 et
971 1557 1039 1618 dum
1060 1553 1235 1636 baptizaret,
1255 1560 1391 1636 nesciens,

257 1693 261 1704 ι
289 1653 392 1720 ¹Latini
411 1649 523 1731 eloquii
541 1649 706 1733 infringens
727 1649 857 1733 linguam
877 1649 1015 1722 disereti.
1033 1649 1161 1726 Rarum
1183 1665 1211 1712 te
1235 1654 1269 1712 irs
1286 1657 1392 1714 nomme

291 1749 402 1824 prurio,
422 1758 449 1806 et
457 1743 542 1826 filio,
563 1756 589 1804 et
607 1745 725 1820 aptatos
743 1745 857 1804 sance:
877 1764 910 1804 ac
930 1764 985 1823 per
1005 1743 1062 1804 hoc
1081 1755 1131 1804 tua
1149 1745 1314 1806 reverenda
1326 1745 1390 1805 Fra-

293 1835 416 1902 'teruitas
436 1835 632 1899 consideravit
651 1835 845 1916 rebaptizare.
886 1835 946 1897 Sed
958 1837 1145 1902 ,sanctissime
1165 1837 1275 1914 frater,
1301 1839 1325 1900 si
1347 1839 1390 1898 ille

293 1933 345 2016 qni
364 1917 540 2014 baptizavit,
566 1949 629 1989 non
650 1949 782 1989 errorem
803 1941 853 1989 aut
873 1929 1016 1992 haeresim
1035 1919 1246 2009 introducens,
1271 1935 1324 1995 sed
1342 1955 1389 2016 pro

293 2025 357 2088 sola
375 2022 545 2106 ignorantia
565 2021 716 2083 Romanae
734 2019 894 2084 locutionis
913 2023 1104 2108 infringendo
1126 2023 1274 2106 linguam,
1297 2039 1332 2088 ut
1349 2051 1389 2088 su-

292 2119 346 2200 pra
365 2117 420 2178 sati
437 2137 551 2192 sumus,
574 2109 737 2198 baptizans
749 2113 889 2193 dixisset,
906 2137 969 2178 non
989 2129 1140 2198 possumus
1160 2120 1345 2196 consentire,
1363 2133 1390 2181 ut

191 2254 196 2266 ι
285 2209 601 2292 'denuobaptizentun
629 2207 720 2288 Quia,
740 2209 820 2290 quod
832 2221 881 2272 tua
898 2211 975 2274 hene
991 2222 1176 2300 compertum
1192 2211 1282 2276 habet
1296 2227 1391 2274 sancta

290 2303 481 2396 Fraternitas,
501 2303 669 2386 quicunque
689 2303 854 2384 baptizatus
874 2303 964 2368 luerit
982 2303 1019 2365 ab
1040 2289 1215 2381 haereticis,
1233 2309 1266 2366 iss
1281 2310 1390 2367 sordue

290 2380 406 2478 Puluis,
432 2410 458 2458 et
476 2395 567 2476 Filii,
596 2411 622 2458 et
640 2393 769 2474 Spiritus
786 2395 902 2472 Sanco,
931 2396 1013 2458 nullo
1033 2398 1124 2459 modo
1134 2348 1323 2506 'rebdptizari
1342 2401 1389 2460 de-

291 2491 379 2567 beat,
398 2489 450 2550 sed
469 2509 523 2570 per
541 2490 633 2552 solam
652 2511 754 2550 manus
774 2489 992 2570 impositionem
1019 2489 1142 2576 purgari
1167 2491 1283 2552 debeat.
1320 2493 1389 2552 Nam

235 2587 238 2596 ’
290 2581 470 2648 sanctissime
490 2579 639 2659 irater,'
616 2603 640 2644 ss
660 2583 700 2646 ita
720 2594 779 2659 est,
805 2593 839 2646 nt
858 2583 944 2646 nobis
963 2583 1087 2646 relatum
1108 2594 1166 2660 est,
1190 2605 1254 2644 non
1274 2585 1389 2668 amplius
1434 2631 1435 2668 ι

290 2676 434 2746 at'eillis
454 2675 640 2756 praedicetur
659 2675 841 2754 huiusmodi,
871 2676 923 2737 sed
947 2687 981 2736 ιιι
998 2676 1092 2738 sancti
1111 2675 1214 2752 Patres
1233 2679 1342 2740 docent
1360 2691 1391 2740 et
1434 2673 1435 2734 l

209 2811 212 2819 «
289 2760 472 2852 praedicant,
490 2779 539 2827 tua
560 2769 706 2827 Sanctitas
725 2767 841 2828 studeat
860 2789 1044 2831 conservare.
1074 2771 1155 2832 Deus
1174 2769 1391 2837 teincolumem

290 2859 446 2935 custodiat,
464 2859 705 2920 reverendissime
724 2857 838 2922 Frater.
877 2861 954 2923 Data
967 2863 1106 2926 Calendis
1121 2863 1213 2943 Iuliis,
1232 2865 1392 2946 imperante

196 3019 200 3032 ¹
288 2949 472 3014 Domino'
441 2951 576 3034 piissimo
594 2951 804 3031 Constantino,
824 2975 839 3016 a
859 2953 927 3017 Deo
948 2967 1109 3034 coronato,
1129 2980 1238 3042 magno
1257 2960 1391 3037 Impera-

279 3055 365 3133 tore,
384 3067 463 3135 anuo
482 3045 621 3110 vicesimo
640 3057 738 3126 sexto,
757 3047 925 3132 Imperii
898 3069 959 3111 essm
979 3071 1058 3138 anno
1080 3064 1201 3134 quarto,
1222 3051 1390 3114 Indictioue
1434 3049 1435 3060 ’

269 3209 273 3220 ¹
290 3153 392 3233 quarta
413 3141 532 3236 decima.
701 3219 704 3228 ὁ
732 3219 735 3226 Δ

584 3379 1107 3484 Anmerkungen

244 3569 247 3576 ¹
323 3579 325 3586 ·
349 3549 380 3627 ¹)
398 3547 431 3608 S.
450 3545 557 3622 Hand,
576 3517 753 3630 Metropolis
773 3551 1013 3636 Salisburgensis,
1033 3553 1059 3629 1,
1078 3575 1107 3636 p.
1114 3560 1186 3630 ΒΜ.
1217 3554 1277 3615 Die
1295 3555 1391 3615 Stelle

157 3637 163 3646 ⁸
287 3644 326 3706 ist
343 3663 404 3704 von
424 3641 763 3725 grolserWichtigkeit,
782 3643 851 3703 weil
872 3665 921 3705 aus
942 3645 987 3705 ilrr
1007 3647 1122 3724 crhellt,
1143 3648 1205 3708 dals
1222 3648 1271 3708 ein
1281 3648 1391 3709 Misth-

287 3737 404 3812 idiom,¹
427 3737 476 3796 ein
501 3735 592 3796 durch
619 3735 666 3795 die
688 3735 820 3816 Sprache
846 3739 905 3799 und
927 3739 984 3800 deu
1011 3739 1223 3822 fremdartigcn
1243 3739 1321 3802 Sion
1343 3743 1392 3802 der

287 3829 472 3900 [rinkr'schen
502 3827 716 3896 Einwanderer
747 3829 919 3894 verderbtes
948 3831 1116 3895 Lateiniseh
1152 3837 1245 3896 sehon
1281 3834 1391 3897 damals

284 3936 374 3986 unter
393 3923 458 3985 dem
469 3922 564 3983 Volle
585 3922 708 3984 bestand
727 3922 815 3982 und
806 3945 837 3982 ιιι
858 3925 915 3984 den
935 3927 1174 3990 wesentlichsten
1195 3929 1392 4009 Hauptpunl-

285 4031 336 4080 ten
357 4017 449 4078 sehon
469 4015 523 4076 mit
542 4018 607 4077 dem
628 4008 764 4097 spiteren
784 4017 1002 4080 Romanischen
1023 4019 1284 4082 iibereinstimmte.
1320 4023 1391 4082 Man
1433 4027 1434 4040 ¹

279 4110 377 4194 ¹vengl.
398 4109 445 4170 die
464 4110 666 4172 vortrcllliche
685 4111 887 4192 Ablrandlung
905 4114 1106 4190 vonAuguas,
1126 4115 1176 4174 Du
1197 4115 1284 4196 genie
1305 4117 1347 4176 de
1369 4117 1392 4174 la

285 4206 392 4286 langue
404 4202 574 4278 franceiso'
565 4223 596 4260 m
614 4205 678 4263 dem
692 4204 932 4286 δυρρίέιιιιιιιιιι
947 4206 1012 4266 dem
1027 4207 1178 4268 Glossaire
1190 4209 1225 4268 de
1242 4208 1269 4268 la
1280 4207 1391 4290 langue

284 4296 419 4356 Romane
437 4317 498 4356 von
517 4295 697 4376 Roquclort,
717 4319 746 4378 p
765 4304 925 4374 25-112,
946 4299 992 4360 die
1013 4323 1071 4361 von
1092 4303 1188 4381 jedcrn
1209 4301 1333 4383 gelescn
1357 4323 1389 4361 zu

228 4449 230 4456 ,
284 4389 406 4450 werden
425 4383 570 4466 verdicnt,
590 4391 643 4452 der
661 4385 776 4452 tieler
768 4413 799 4456 ιιι
816 4393 872 4454 den
886 4392 970 4455 Gcist
990 4393 1043 4455 ‹ler
1063 4393 1282 4458 framosischen
1294 4395 1389 4481 Spre-
