2908 5094
156 591 159 598 ·
252 577 332 617 nunc
358 575 443 636 quarn
467 554 580 635 pridem
604 556 634 612 in
659 549 812 632 superbiae
838 545 1023 609 ferocitatem
1051 545 1157 606 elevati
1181 555 1258 604 sunt.
1311 545 1357 603 Et

154 635 156 645 ¹
243 669 333 728 ecce,
354 649 434 728 quod
452 647 636 720 verebamur,
656 643 773 708 evenire
794 639 949 715 cernimus,
969 657 1167 718 conversaque
1185 649 1230 698 est
1248 648 1357 697 nostra

193 727 197 736 ¹
252 741 363 802 laetitia
382 741 412 799 in
432 740 552 816 luctum,
572 751 603 808 et
621 737 697 800 facta
716 747 783 796 sunt
802 733 956 794 nouissima
976 732 1050 792 mala
1070 731 1171 812 peiora
1191 729 1357 810 prioribus,

254 845 290 898 et
303 833 381 893 unde
401 833 621 913 expectabamus
641 829 727 890 nobis
746 827 845 886 lumen
865 827 948 902 oriri,
967 835 1128 908 eruperunt
1145 823 1295 884 tenebrae.

311 927 503 1007 Quapropter
529 938 558 986 et
581 926 616 984 B.
641 919 746 982 Petrus
771 920 906 1000 princeps
931 916 1160 1000 Apostolorum,
1190 918 1237 977 cui
1262 917 1355 1000 regni

253 1020 402 1082 caelorum
423 1018 516 1080 claves
536 1039 552 1078 a
571 1015 702 1076 Domino
722 1014 789 1074 Deo
809 1011 933 1072 traditae
953 1023 1036 1086 sunt,
1061 1023 1091 1072 et
1116 1009 1197 1072 caelo
1219 1021 1356 1070 aeterra

252 1113 364 1196 ligandi
383 1111 573 1191 solvendique
593 1126 731 1170 concessa
751 1116 795 1164 est
819 1116 964 1184 potestas,
996 1104 1118 1170 firmiter
1143 1101 1356 1163 Excellebtlam

252 1217 377 1268 vestram
403 1226 457 1286 per
484 1213 613 1268 nostram
638 1198 838 1260 infelicitatem
866 1197 1043 1270 obtestatum
1073 1196 1216 1275 simulque
1242 1207 1272 1254 et
1296 1215 1356 1255 nos

252 1320 312 1360 una
332 1320 395 1360 cum
409 1290 716 1375 omnibusEpiscopis,
736 1290 929 1372 Presbyteris,
949 1303 979 1352 et
998 1290 1119 1352 caeteris
1131 1287 1357 1364 Sacerdotibus,

252 1401 342 1470 atque
362 1389 470 1451 cunctis
489 1385 677 1492 Proceribus,
697 1395 726 1444 et
739 1383 955 1446 Clerosanctae
977 1395 1094 1476 npstrae
1114 1380 1264 1442 Ecclesiae
1283 1381 1353 1442 Ab·

253 1480 369 1542 batibus
396 1481 483 1540 etiam
514 1490 543 1540 et
570 1478 711 1540 universis
743 1477 887 1560 religiosis
913 1477 1010 1538 divino
1036 1475 1125 1539 cultui
1151 1473 1271 1548 deditis,
1299 1495 1355 1534 sen

76 1579 86 1588 ‘
144 1591 149 1602 ι
255 1573 452 1656 Optimatibus
473 1583 503 1632 et
522 1571 687 1646 Iudicibus,
716 1569 764 1630 vel
790 1582 896 1632 cuncto
922 1581 1024 1632 nostro
1048 1570 1250 1630 Romanorum
1269 1567 1354 1628 istius

251 1667 426 1728 Provinciae
447 1663 569 1745 populo,
589 1662 641 1724 sub
664 1663 755 1724 divini
774 1664 874 1724 iudicii
894 1662 1093 1724 obtestatione
1115 1682 1166 1724 vos
1187 1661 1355 1722 adimamus
1440 1651 1441 1668 ¹

252 1779 308 1840 per
326 1760 424 1820 Deum
443 1758 540 1820 viuum
560 1767 590 1816 et
608 1777 724 1832 verum,
748 1757 798 1836 qui
829 1767 874 1816 'est
896 1756 987 1816 Iudex
1010 1756 1142 1818 vivorum
1168 1767 1198 1816 et
1216 1766 1354 1814 mortuo-

251 1875 327 1927 rum,
347 1863 378 1912 et
396 1872 450 1932 per
469 1850 529 1912 eius
549 1849 729 1908 ineffabilem
750 1849 864 1909 divinae
883 1848 1039 1909 maiestatis
1059 1849 1237 1928 potentiam,
1262 1862 1353 1930 atque

190 1993 194 2000 .
252 1943 508 2025 pertremendum
529 1942 619 2027 futuri
638 1942 736 2002 iudicii
757 1941 850 2017 diem,
875 1941 926 2002 ubi
947 1961 1047 2002 omnes
1066 1941 1219 2022 Principes
1240 1954 1271 2004 et
1289 1943 1354 2003 Po-

164 2021 175 2040 ’
211 2081 214 2099 .
252 2045 382 2113 testatos,
403 2047 432 2098 et
452 2046 586 2097 cunctum
607 2036 762 2096 humanum
782 2055 891 2118 genus,
913 2055 977 2094 cnm
995 2046 1125 2096 tremore
1145 2036 1277 2097 assistere
1298 2037 1354 2096 ba-

252 2126 401 2201 bebimus;
420 2149 475 2190 nec
495 2150 557 2190 non
577 2140 608 2190 et
626 2148 679 2212 per
699 2128 796 2188 omnia
816 2127 912 2190 divina
922 2128 1068 2210 mysteria,
1088 2139 1118 2188 et
1129 2129 1354 2190 sacratissimum

254 2240 361 2302 corpus
380 2221 414 2282 B.
435 2223 528 2298 Petri,
546 2233 579 2284 ut
597 2221 679 2282 nullo
698 2221 788 2282 modo
809 2221 960 2301 quisquam
980 2220 1017 2282 de
1035 2232 1131 2282 vestra
1151 2221 1351 2286 fraternitate
1411 2288 1413 2294 .

252 2325 418 2394 praesumat
442 2314 528 2377 liliam
561 2315 618 2376 iarn
648 2315 717 2376 dicti
743 2314 889 2374 Desiderii
913 2314 1175 2396 Langobardorum
1200 2317 1290 2400 Regis
1309 2318 1352 2378 in
1410 2310 1411 2325 ¹

253 2407 424 2489 coniugium
443 2407 591 2487 accipere:
611 2427 666 2468 nec
685 2408 792 2475 iterum
810 2418 903 2468 vestra
921 2407 1100 2470 nobilissima
1113 2428 1262 2490 germana,
1281 2411 1352 2474 Deo

253 2499 383 2560 amabilis
410 2499 518 2574 Gisila,
553 2499 698 2560 tribuatur
721 2498 782 2560 filio
810 2498 950 2579 saepefati
975 2501 1136 2561 Desiderii:
1161 2523 1218 2564 nec
1242 2516 1353 2567 vestras
1384 2512 1393 2520 “

254 2593 466 2672 quoquomodo
487 2592 625 2675 coniuges
646 2591 774 2652 audeatis
800 2592 955 2654 dimittere.
1000 2593 1060 2654 Sed
1080 2595 1170 2676 magis
1190 2597 1351 2657 recordan-

155 2672 157 2694 ¹
249 2693 297 2746 tes
319 2683 446 2764 quaeB.
466 2684 557 2746 Petro
583 2684 795 2792 Apostolorum
818 2684 947 2766 principi
973 2685 1098 2766 polliciti
1120 2687 1204 2765 estis,
1228 2689 1353 2750 viriliter

253 2776 362 2836 eisdem
386 2775 493 2836 nostris
519 2776 642 2838 inimicis
668 2775 870 2858 Langobardis
897 2779 1039 2855 resistite,
1072 2781 1279 2862 distringentes
1299 2803 1351 2843 eos

228 2847 375 2927 firmiter
400 2878 433 2926 ut
457 2870 577 2950 propria
603 2880 718 2930 sanctae
738 2869 797 2930 Dei
821 2871 970 2934 Ecclesiae
989 2873 1139 2934 Romanae
1159 2874 1351 2954 Reipublicae

252 2959 377 3020 reddere
397 2959 533 3038 debeant,
554 2981 590 3022 eo
612 2963 691 3041 quod
711 2962 808 3022 omnia
829 2971 903 3041 quae
921 2965 1005 3027 uobis
1025 2963 1149 3046 polliciti
1169 2977 1237 3026 sunt
1254 2979 1350 3028 trans·
1438 2969 1443 3036 l

78 3095 82 3105 ι
185 3107 191 3128 ,
253 3054 430 3136 gredientes,
449 3075 504 3116 nos
525 3055 646 3116 cottidie
667 3055 834 3138 adfligendo
860 3067 890 3116 et
910 3058 1103 3138 opprimendo
1130 3079 1191 3118 non
1222 3074 1349 3124 cessant:
1442 3059 1443 3120 j

147 3199 149 3204 ,
254 3146 341 3208 etiam
363 3149 429 3228 quia
450 3149 558 3229 aliquid
584 3147 670 3208 nobis
694 3149 819 3208 reddere
843 3150 962 3210 minime
991 3163 1059 3210 sunt
1077 3151 1226 3225 inclinati,
1263 3155 1350 3214 etiarn

255 3250 286 3299 et
304 3254 421 3304 nostros
441 3239 578 3307 invadere
599 3239 670 3302 fines
695 3251 870 3315 noscuntur,
900 3252 930 3300 et
959 3244 1161 3304 tantummodo
1188 3265 1243 3325 per
1262 3268 1350 3330 argu-

116 3367 118 3374 ι
183 3379 189 3390 .
253 3344 382 3392 mentum
407 3336 438 3394 in
466 3334 629 3414 praesentia
656 3333 692 3396 de
716 3333 818 3396 vestris
843 3333 937 3394 Missis
961 3334 1128 3396 simulant
1119 3336 1239 3398 iustitias
1264 3339 1350 3400 nobis

253 3420 360 3482 facere.
399 3426 472 3484 Nam
492 3427 565 3487 nihil
586 3427 622 3484 ad
643 3426 781 3487 effectum
802 3426 986 3506 perducitur,
1014 3440 1060 3489 et
1068 3429 1223 3508 quidquam
1249 3429 1286 3488 ab
1309 3431 1350 3492 eis

173 3501 186 3518 ⁴
255 3512 291 3573 de
311 3508 416 3575 nostris
436 3514 552 3575 iustitiis
573 3536 756 3594 nequaquam
776 3519 908 3607 recipere
926 3519 1075 3582 valuimus.

310 3607 398 3666 Unde
419 3625 497 3681 ecce,
516 3617 549 3664 ut
569 3608 667 3666 cuncti
692 3609 786 3668 nostri
806 3599 924 3672 dolores
948 3613 1094 3675 subtiliter
1112 3613 1213 3690 vestris
1233 3613 1349 3676 auribus

253 3710 456 3779 suggerantur,
475 3698 627 3760 direximus
647 3713 763 3762 nostros
782 3701 897 3780 Missos,
916 3704 1053 3766 videlicet
1072 3707 1193 3768 Petrum
1213 3706 1348 3767 dilectum

253 3790 344 3850 filiurn
364 3803 494 3853 nostrum
514 3792 721 3875 Presbyterum
750 3805 780 3856 et
802 3793 991 3874 ,Pamphilum
1015 3798 1211 3860 Defensorem
1235 3799 1348 3880 Regio-

252 3881 366 3945 narium
385 3895 501 3944 sanctae
521 3898 638 3946 nostrae
658 3886 822 3959 Ecclesiam
853 3907 925 3968 quos
952 3901 982 3949 et
1007 3890 1043 3950 de
1067 3890 1237 3951 imminente
1262 3889 1348 3952 nobis

252 3976 453 4053 tribulatione,
472 3985 592 4036 necnon
613 3990 642 4037 et
662 3979 698 4039 de
718 3979 838 4061 singulis
859 3981 950 4040 causis
965 3979 1109 4045 subtiliter
1120 3983 1349 4060 informavimus,

252 4069 474 4176 vestrovregali⁸
481 4067 647 4132 intimandis
669 4071 797 4132 culmini.
841 4073 882 4130 Et
905 4072 1029 4151 petimus
1055 4087 1088 4134 ut
1106 4077 1191 4138 solita
1211 4075 1347 4157 benigni-

74 4165 77 4178 '
119 4167 122 4180 '
161 4229 169 4235 ,
252 4171 313 4220 tate
333 4183 382 4223 eos
397 4162 547 4242 suscipere
572 4172 749 4242 nostraeque
777 4161 914 4243 petitioni
938 4176 1047 4228 vestras
1073 4169 1206 4229 aDeo
1196 4169 1348 4248 inspiratas

152 4323 155 4332 ¹
254 4269 336 4314 aures
356 4255 576 4316 accommodare
597 4253 772 4336 dignemini,
797 4267 827 4315 et
849 4257 1053 4338 amplissimam
1079 4260 1283 4324 liberationem
1304 4275 1347 4324 at-

257 4363 313 4425 que
333 4341 537 4412 exaltationem
557 4357 672 4412 murtae
691 4346 750 4408 Dei
769 4348 934 4430 Ecclesiae,
953 4351 1088 4432 spiritalis
1107 4354 1205 4417 matris
1225 4366 1349 4433 vestrae,
