2960 5094
686 317 694 348 l

70 586 168 666 sapbii
181 586 312 668 gloriosi
330 586 495 668 dpatbrrii,
521 589 712 670 magnopere
728 589 960 672 gatisi'tmmus,
982 592 1175 674 commu,

69 701 128 740 nos
152 680 190 742 de
215 679 306 742 rebus
329 680 449 742 incertis
472 681 510 740 ad
533 690 676 760 optatam
689 683 904 744 certitudinem·
918 689 1125 766 perventuros,
1144 703 1175 754 et

70 773 108 832 de
126 773 188 850 bis,
213 791 290 854 quae
309 775 467 856 praedictis
485 773 579 834 missis
603 773 665 834 tuis
679 775 769 835 adde
783 776 945 838 deferenda
964 779 1112 859 dedimus,¹
1124 805 1173 848 rc,

69 887 214 946 sponsum
228 888 292 930 esse
304 879 488 949 recepturos.
522 867 564 928 Et
573 887 676 928 revera
687 867 727 926 ita
737 868 846 932 tactum
859 882 913 934 est
936 870 1087 935 Sensim
1098 877 1176 938 enin

67 965 102 1018 e'x
122 971 211 1039 porte
230 981 299 1022 mea
319 963 400 1041 quod
420 959 655 1022 desiderabamus
674 959 711 1020 ad
731 961 958 1041 completionem
969 977 1174 1030 votnrmnmm

67 1064 216 1130 eteorum,
244 1055 336 1116 divini
359 1053 491 1115 savorem
510 1051 608 1114 anxilii
627 1052 709 1114 etin
728 1052 824 1114 vorbis
843 1075 876 1116 ac
895 1057 1004 1134 literis,
1025 1071 1104 1140 quae
1121 1081 1176 1144 per

66 1148 271 1231 Legationetn
289 1145 444 1224 memorati
461 1145 568 1226 Legati
587 1146 702 1226 perlata
718 1155 797 1220 sunt,
817 1149 943 1224 quamvis
961 1153 999 1212 ad
1010 1151 1109 1214 filium
1104 1176 1175 1216 no.

67 1252 160 1302 strum
180 1243 293 1321 scripta
313 1253 343 1300 et
360 1239 473 1300 directa
491 1249 598 1313 essent,
616 1259 681 1300 non
698 1237 848 1298 minimam
859 1257 914 1299 nes
930 1242 1122 1309 desideratam
1116 1268 1174 1310 rc·

68 1334 245 1414 sponsionis
263 1333 409 1414 accepisse
427 1330 608 1412 portionem.
1075 1374 1089 1398 1

125 1427 262 1490 Proinde
287 1425 501 1534 omnipotenti
511 1424 580 1495 Deo
605 1443 669 1488 uon
689 1424 793 1504 quales
817 1423 990 1504 debuimus,
1006 1432 1057 1490 sed
1075 1379 1174 1510 quales
1231 1461 1236 1476 ·

66 1521 221 1598 potuimus
240 1522 348 1604 gratias
359 1519 489 1602 agimus,
509 1517 590 1596 quod
598 1517 965 1596 cordiDilectionistuae,
985 1541 1073 1600 qnam
1085 1546 1175 1603 qnae·

67 1611 187 1674 sitimus
210 1635 244 1675 ac
264 1610 589 1690 desiderabilempaeis
608 1610 949 1692 voluntateminspirare
967 1613 1102 1697 diguatus
1122 1630 1176 1694 cat,

68 1718 188 1784 orantes
208 1709 369 1768 secundum
388 1703 582 1785 Apostolum,
611 1717 645 1766 nt
662 1705 760 1780 Deus,
786 1705 838 1784 qui
860 1703 945 1766 vobis
969 1706 1001 1766 in
1027 1710 1182 1791 bpopace-

68 1799 143 1862 velle
162 1799 282 1875 tribuit,
300 1800 365 1880 ipse
384 1798 529 1880 perficere
547 1798 708 1875 tribuisset,
725 1810 850 1880 propter
869 1800 951 1879 quod
970 1801 1175 1865 nihilmoram

68 1901 122 1968 tes,
135 1894 200 1952 scd
221 1893 302 1955 omni
322 1892 510 1954 cunctatione
530 1912 565 1952 ac
585 1892 773 1954 dubitatione
789 1891 912 1972 penitus
925 1892 1057 1972 abiecta,
1077 1897 1176 1980 L'egr·

68 1994 113 2044 tos
142 1997 268 2060 nostros
292 1987 529 2066 praeparavimus
546 1986 584 2044 ad
602 1995 683 2088 uuam
706 1983 861 2048 amabilem
878 1986 1109 2051 Fraternitatem
1127 1990 1173 2051 di

67 2077 223 2160 rigendos

526 2260 726 2274 Ἣ

604 2419 693 2514 ΒἸ
826 2521 835 2554 ι

165 2574 287 2630 Caroli
314 2567 351 2627 ll.
381 2561 605 2646 Imperatoris
631 2573 787 2646 Epistola
815 2574 854 2627 'ad
883 2571 1086 2631 Miebatlem

471 2659 716 2730 imperatorem
734 2658 768 2727 ¹).

124 2793 332 2858 benedicimus
350 2795 511 2856 Dominum
530 2795 630 2856 Jcsum
644 2793 794 2858 Christum
804 2812 904 2854 verum
916 2793 1015 2856 Deum
1029 2775 1178 2878 nostrum,

75 2899 102 2950 ct
119 2889 228 2971 gratias
247 2886 302 2963 illi,
321 2885 398 2948 iuxta
411 2884 516 2950 virium
527 2887 762 2970 possibilitatem,
780 2899 811 2948 et
829 2887 1043 2970 intelligentiae
1054 2901 1174 2979 postrae

76 2983 265 3058 quantitatem
286 3001 320 3040 ex
340 2992 406 3040 toto
426 2982 516 3042 eorde
535 2982 699 3057 referimus,
720 2982 770 3062 qui
789 3004 843 3044 nos
859 2982 1005 3044 ineffabili
1018 2984 1099 3044 dono
1119 2982 1173 3068 be-

64 3073 224 3157 exiguitatis
244 3095 312 3136 suae
333 3075 363 3134 in
383 3087 495 3152 tautum
517 3075 621 3136 divites
641 3075 761 3139 efficere
781 3075 915 3158 dignatus
935 3087 988 3150 cst,
1008 3087 1041 3136 ut
1059 3075 1090 3136 iu
1111 3076 1174 3156 die,-

77 3162 124 3226 bus
148 3167 259 3250 nostris
285 3168 334 3232 diu
360 3168 518 3250 quaesitam
543 3179 575 3230 et
600 3189 717 3250 semper
739 3169 934 3248 desideratam
963 3188 1066 3250 pacem
1095 3169 1174 3228 inter

60 3255 228 3330 ,Orientale
249 3271 336 3340 atque
362 3261 554 3322 occidentale
585 3262 748 3343 Imperium
776 3261 923 3334 stabilire,
954 3272 984 3318 et
1012 3253 1174 3319 Ecclesiam
1247 3259 1250 3262 ’

82 3369 154 3412 suam
173 3352 352 3414 catholicam
369 3366 497 3414 sanctam
519 3367 549 3416 et
566 3355 789 3430 inmaculatam,
809 3372 883 3433 quac
901 3361 968 3410 toto
980 3349 1053 3412 orbe
1069 3348 1174 3411 diffusa

80 3455 126 3520 cst,
143 3447 224 3506 iuxta
244 3445 429 3525 quotidianas
448 3446 537 3528 ipsius
556 3445 769 3528 postulationes
789 3445 864 3507 sicut
881 3463 996 3524 semper
1014 3464 1120 3528 regere
1139 3465 1173 3506 ac

79 3550 245 3620 protegere;
265 3538 304 3598 ita
325 3538 412 3600 etiam
432 3557 511 3600 nunc
529 3539 608 3602 idem
631 3539 663 3600 in
689 3549 794 3600 nostro
818 3550 954 3620 tempore
979 3538 1108 3598 adunare
1128 3549 1174 3599 at-

81 3647 130 3706 quc
149 3630 305 3713 pacificare
325 3632 460 3716 dignatus
480 3643 533 3694 est
572 3632 664 3714 Quod
674 3631 751 3698 ideo
770 3643 910 3712 tanquam
927 3642 1080 3710 peractum
1098 3629 1172 3693 dici-

80 3743 146 3803 mus,
166 3727 235 3808 quia
256 3725 396 3806 quidquid
416 3726 452 3785 de
471 3726 530 3786 boc
550 3746 585 3789 cx
603 3737 705 3788 nostra
724 3737 808 3806 parte
828 3721 995 3785 laciendum
1012 3722 1079 3798 fuit,
1098 3724 1173 3785 ieci·
1236 3731 1241 3740 '

81 3835 151 3892 mus3
166 3839 280 3899 vosque
292 3817 426 3878 similiter
438 3819 475 3878 dc
488 3830 583 3880 vestra
593 3830 678 3900 parte
703 3817 801 3878 faeere
820 3815 895 3879 velle
915 3835 977 3875 non
997 3813 1173 3892 dubitamus,

82 3907 212 3974 fiduciam
230 3903 378 3972 bobcnt‘esv
391 3913 423 3972 in
442 3911 506 3989 illo,
526 3912 576 3992 qui
594 3911 652 3973 boe
673 3933 757 3993 opus,
777 3910 858 3990 quod
877 3909 909 3969 in
927 3907 1061 3969 manibus
1080 3909 1171 3968 babe-

82 4021 156 4080 mus,
178 4007 208 4066 id
232 4016 276 4066 cst
295 4026 409 4086 pacem,
426 4005 492 4068 fieri
515 4005 680 4085 praecepit;
704 4005 772 4084 quia
797 4001 890 4064 fidelis
913 4013 945 4062 et
963 4017 1050 4064 verax
1069 4009 1122 4074 est,
1142 4008 1173 4056 et

83 4097 159 4158 omni
177 4097 253 4160 benc
274 4099 411 4178 operanti
429 4110 609 4180 cooperator
628 4097 750 4158 exsistit:
773 4097 824 4178 qui
843 4095 931 4160 ctIam
950 4091 1073 4154 anobis
1093 4089 1171 4150 benc

83 4181 212 4254 inchoata
231 4193 268 4254 ad
287 4191 510 4272 perlectionem,
529 4203 562 4257 ut
581 4189 764 4269 confidimus,
781 4191 958 4254 deducturus
977 4195 1028 4248 est

83 4333 274 4360 Ἢ
361 4340 364 4349 ι

121 4415 278 4484 bete-tot
292 4433 353 4492 opp.
369 4433 407 4481 etl.
421 4431 546 4479 reaten.
563 4433 616 4482 Vol.
628 4433 668 4492 11,
680 4449 706 4493 p.
720 4437 772 4480 aot.
855 4409 861 4423 ⁸
