2908 5094
796 437 885 509 lue

290 605 333 666 vis
353 621 416 663 non
435 617 503 660 meo
523 598 645 671 merito,
671 605 766 657 restra
785 605 883 655 tamen
903 593 1000 654 Deum
1019 593 1183 654 bumilitate
1203 591 1404 674 placandum

290 697 358 778 qui,
387 691 497 772 absque
521 699 657 770 respectu
682 699 793 752 vestrae
815 686 1041 770 magnitudinis,
1074 709 1140 748 cum
1164 706 1230 746 mea
1251 685 1403 766 parvitate

224 851 230 868 ,
290 788 427 852 conferre
446 797 507 846 tam
526 783 601 845 scria
621 802 683 842 non
703 780 865 843 horruistis.
904 779 1041 856 Ostendi,
1060 791 1094 840 ut
1112 779 1208 862 potui,
1228 780 1404 843 ethumana

285 873 534 952 ratiocinatione,
568 881 603 936 et
629 873 732 936 divinis
756 872 993 948 auctoritatibus,
1022 893 1085 934 uon
1105 893 1158 934 vos
1183 873 1335 934 exauditos
1364 878 1405 936 ad

181 1007 184 1024 .
288 985 401 1048 votum,
420 969 568 1052 patienter
586 967 755 1042 ferendum,
775 966 946 1044 dolorisque
970 965 1090 1043 vulnus,
1115 967 1195 1045 quod
1219 967 1405 1030 inremedia-

291 1069 352 1129 bile
372 1063 541 1138 videbatur,
562 1060 806 1140 quemadmodum
826 1058 954 1139 mitigari
973 1069 1081 1139 posset.
1119 1059 1243 1120 Vestrae
1263 1062 1402 1141 pruden-

288 1161 348 1220 tiae
368 1179 401 1219 ac
421 1155 524 1238 solitae
544 1153 724 1236 dignationis
745 1153 811 1228 erit,
831 1172 906 1232 quae
917 1151 966 1231 pia
993 1150 1160 1212 intentione
1175 1173 1238 1214 non
1256 1155 1403 1233 docendi,

290 1253 344 1314 sed
363 1247 612 1314 commemorandi
632 1267 716 1308 causa
736 1243 857 1325 profusa
876 1258 954 1322 sunt,
974 1265 1067 1326 aeque
1082 1246 1132 1326 pia
1140 1256 1241 1306 mente
1252 1247 1401 1324 lectitare,
1443 1287 1445 1298 ·

291 1337 363 1408 etsi
383 1325 491 1424 quain
510 1341 554 1402 bis
574 1339 638 1419 capi
658 1337 751 1420 possit
769 1338 890 1418 utilitas,
909 1361 965 1421 pro
985 1339 1049 1400 iure
1067 1339 1211 1400 amicitiae
1227 1353 1357 1402 vestrum
1368 1343 1402 1420 ¹)

292 1442 443 1520 deputare.

286 1565 289 1574 =
346 1530 493 1592 Libellum
514 1525 551 1588 de
571 1526 720 1588 adoranda
741 1547 844 1602 cruce,
867 1547 936 1588 meo
956 1527 1066 1590 iudicio
1086 1526 1286 1601 utilissimum,
1304 1547 1399 1605 quem
1444 1597 1445 1614 χ

288 1643 356 1686 meo
377 1620 491 1683 nomini
511 1619 676 1696 dedicastis,
694 1631 728 1679 ut
747 1641 802 1700 par
821 1619 885 1696 suit,
905 1621 1053 1702 amplexus
1065 1611 1139 1681 ¹statar.
1170 1620 1269 1699 litque
1280 1619 1397 1680 utinam

287 1713 492 1784 moremmihi
511 1725 659 1797 gerentes,
678 1714 720 1776 sic
740 1714 839 1775 omnia
859 1733 1051 1794 quaecunque
1071 1713 1108 1775 ab
1128 1713 1215 1773 initio
1236 1713 1396 1774 enodanda

288 1811 374 1874 robis
393 1807 468 1884 misi,
487 1807 533 1870 vel
553 1807 611 1868 boc
631 1825 710 1866 anno
729 1807 852 1886 reliqui,
871 1807 986 1888 aperire
1006 1827 1068 1868 non
1088 1808 1298 1890 gravaremini:
1319 1827 1395 1888 pro-

287 1903 372 1965 iecto
395 1921 459 1962 non
481 1900 554 1960 mibi
578 1899 690 1974 solum,
717 1899 770 1960 sed
791 1899 891 1964 multis
916 1899 1032 1962 videtur
1056 1899 1105 1966 bic
1129 1897 1216 1960 labor
1241 1900 1394 1981 prodesse.

287 1985 457 2056 'Tamen'et
475 2012 533 2073 pro
553 1991 616 2052 aliis
637 1991 741 2072 quibus
762 2013 779 2052 a
797 1991 881 2054 vobis
901 1992 1049 2054 institutus
1068 1994 1221 2054 iam·antea
1236 2013 1309 2069 sum,
1330 2007 1394 2053 mat·

290 2088 378 2148 rimas
398 2103 488 2166 agens
507 2085 678 2165 habensque
687 2085 804 2166 gratias,
825 2085 895 2164 quid
905 2085 987 2146 Deus
996 2096 1110 2146 restrae
1120 2083 1396 2168 indulgentissimae

284 2181 430 2263 dignetur
449 2177 595 2258 inspirare
610 2177 719 2238 Pietati
737 2177 879 2238 sollicitus
899 2177 1116 2258 praestolabor.

345 2270 446 2332 Medio
467 2270 558 2348 Maio,
577 2270 636 2334 vita
655 2271 764 2330 comite
774 2271 843 2330 bine
855 2271 995 2330 recedere
1006 2269 1130 2334 decrevi.
1162 2271 1228 2347 Quo
1238 2281 1394 2350 tempore,

286 2368 355 2427 Deo
374 2363 512 2439 volente,
536 2363 612 2424 sicut
629 2362 730 2437 vobis,
749 2362 774 2422 si
793 2361 1005 2440 recordamini,
1031 2364 1103 2440 dixi,
1124 2366 1160 2426 ad
1178 2383 1229 2426 vos
1247 2374 1394 2425 venturus

280 2479 361 2533 uum,
381 2467 412 2518 et
430 2457 544 2536 aliquot
562 2457 640 2537 apud
659 2475 712 2514 vos
732 2455 794 2516 dies
814 2455 958 2530 facturum
978 2468 1011 2516 ut
1030 2467 1061 2518 et
1079 2457 1171 2520 libros
1183 2457 1393 2532 vestrosvobis

279 2550 448 2624 restituam,
469 2561 499 2610 et
519 2539 792 2630 quibusindigucro
808 2550 925 2628 discam,
946 2551 1085 2631 fruarque
1098 2549 1276 2632 aliquamdiu
1286 2561 1388 2612 restro

278 2643 453 2707 suavissimo
473 2639 621 2720 alloquio,
640 2653 728 2721 atque
747 2641 892 2704 informer
911 2641 982 2704 mibi
1002 2645 1166 2728 gratissimo
1186 2657 1299 2708 vestrae
1319 2665 1390 2726 gra·
1443 2633 1444 2640 ἵ

282 2738 380 2800 vitatis
401 2734 610 2796 ethonestatis
630 2735 774 2816 exemplo.
804 2735 880 2799 Nam
898 2757 946 2797 me
966 2735 1024 2800 lroc
1041 2749 1177 2818 tempore
1193 2739 1389 2799 discessurum

281 2828 381 2890 inanis
398 2827 483 2888 vobis
502 2826 579 2886 fama
598 2827 720 2888 mentita
741 2839 793 2888 est.
839 2829 931 2904 Quod
956 2832 1027 2908 etsi,
1056 2831 1138 2912 quod
1162 2831 1279 2912 penitus
1302 2831 1391 2908 nolo,

170 2916 173 2922 Δ
248 3004 252 3013 ¹
284 2921 488 3002 contingeret,
511 2919 552 2980 sic
573 2939 693 3002 quoque
712 2921 750 2981 ad
768 2943 821 2982 vos
840 2922 905 2984 sine
925 2923 1016 2984 dubio
1035 2945 1237 3006 properarem.
1274 2926 1391 2985 Tantus

281 3014 362 3076 enim
380 3013 452 3074 mibi
471 3013 561 3075 vestri
580 3033 664 3073 amor
682 3014 843 3091 incumbit,
871 3026 905 3075 ut
923 3015 1089 3078 nullatenus
1108 3017 1192 3080 vobis
1211 3017 1386 3095 insalutatis,

281 3118 508 3186 sanctorumque
527 3117 687 3185 martyrum
706 3108 845 3189 neglecto
865 3109 1051 3188 patrocinio,
1071 3111 1108 3171 ad
1127 3111 1252 3191 patriam
1270 3131 1386 3172 remea-

245 3215 248 3226 ’
279 3222 353 3262 rem.
390 3199 492 3282 ‚Cupio
512 3211 543 3260 te
562 3199 620 3258 mei
639 3217 801 3259 memorem
820 3200 898 3262 bene
917 3203 1013 3264 valere
1033 3205 1064 3266 in
1084 3203 1234 3282 Domino,
1258 3225 1385 3286 prospe-

279 3294 378 3372 risque
398 3293 513 3372 pollere
532 3291 722 3367 successibus,
741 3291 872 3356 Domine
893 3296 1156 3360 desiderantissime
1176 3298 1276 3375 Pater,
1296 3309 1326 3358 et
1346 3299 1385 3357 de
1443 3317 1444 3364 i

279 3403 327 3444 me
348 3384 460 3462 optime
479 3405 534 3464 per
554 3386 653 3447 omnia
672 3388 786 3450 merite.
840 3377 846 3390 ¹

730 3605 929 3622 *unm—ann...—

788 3801 864 3873 LV.

300 3975 307 3999 ‚
343 3927 396 3980 Aua
414 3927 478 3980 dem
491 3924 586 3980 vierteu
604 3925 692 3982 Briefe
709 3928 754 3982 dea
770 3928 859 3999 Lupus
876 3943 910 3983 ata
927 3929 1059 3998 Eginliard
1081 3931 1176 3986 tbeilerr
1194 3932 1244 3987 wir
1260 3953 1311 3986 nur

615 4011 738 4078 fulgendo
753 4012 834 4066 Stellc
850 4015 898 4068 mit
914 4015 954 4086 (p.
965 4016 1034 4085 230:

270 4157 273 4164 '
328 4143 438 4204 Abdita
457 4142 489 4202 in
509 4141 575 4224 lege
597 4154 627 4202 et
645 4143 766 4205 mammo
787 4145 903 4208 Graeca
922 4150 1059 4228 nomina,
1088 4158 1119 4211 et
1137 4149 1194 4212 alia
1214 4171 1248 4212 ex
1267 4151 1381 4213 Servio

206 4314 210 4325 Ι
271 4233 341 4295 item
361 4234 492 4311 Graeca,
519 4253 595 4314 quac
619 4235 714 4299 initio'
728 4239 814 4302 uobis
840 4241 946 4319 direxi,
978 4242 1080 4305 saltem
1105 4264 1185 4308 nunc
1204 4245 1317 4306 utinam
1340 4267 1381 4306 ne
