2908 5094
754 324 882 454 aas

252 552 457 624 cognoverunt
481 539 600 618 callem,
625 558 712 620 qoam
737 541 927 620 praecedenti
957 539 1004 600 die
1025 540 1195 600 amiserant:
1217 549 1247 599 et
1266 559 1358 620 pere-

144 699 148 712 ,
250 636 328 718 grini
348 647 451 697 extunc
471 644 635 714 coeperunt
653 633 753 693 audire
773 632 883 694 ibidem
903 633 985 696 alites
1004 633 1044 694 sic
1065 632 1229 712 loquentes.

314 729 387 810 Cap.
407 728 476 788 VII.
518 725 697 808 Compositis
715 725 802 786 rebus
822 737 854 786 et
873 737 1044 806 recuperata
1057 725 1151 787 Terra
1167 725 1277 788 Sancta
1296 727 1360 788 ob-

249 821 339 884 tinuit
357 821 486 884 Karolns
508 820 658 883 licentiam
676 818 857 900 repatriandi
876 819 913 882 ab
934 820 1118 900 Imperatore
1138 817 1358 881 Constantino-

188 919 191 934 '
248 917 383 997 politano
408 926 438 976 et
454 987 455 995 ἵ
472 913 640 974 Patriarcha
668 912 936 993 Jerosolymitanoc
964 913 1045 992 prius
1074 925 1172 974 tamen
1202 913 1357 994 pretiosae

172 1003 176 1015 '
248 1005 411 1086 postulanti
430 1005 571 1088 reliquiae
592 1006 675 1066 datae
694 1017 771 1065 sunt
815 1004 889 1065 Post
911 1005 1053 1083 indictum
1079 1007 1157 1067 enim
1183 1005 1387 1066 triduannrn'

247 1096 406 1174 ieiunium,
434 1097 571 1161 inchoata
594 1097 732 1174 Letania,
765 1119 831 1158 curn
855 1097 964 1158 Daniel
988 1098 1200 1182 Neapolitanus
1233 1099 1355 1160 thecam

248 1191 394 1273 aperiret,
423 1191 454 1252 in
478 1213 535 1274 qua
561 1192 663 1274 spinea
691 1211 805 1253 corona
829 1202 906 1267 erat,
935 1202 1034 1254 tantus
1053 1193 1157 1275 exinde
1176 1193 1245 1254 exiit
1264 1193 1354 1268 odor,

245 1296 280 1346 ut
298 1305 399 1346 omnes
418 1295 556 1366 putarent
575 1305 605 1346 se
620 1283 656 1344 in
676 1271 815 1344 Paradiso
837 1304 914 1356 esse¹¹
951 1283 1038 1352 Tunc
1064 1286 1190 1347 Karalus
1214 1287 1246 1346 in
1266 1285 1352 1366 pavi-

127 1367 145 1397 ⁸
182 1371 190 1384 “
245 1389 347 1439 mento
367 1390 544 1458 prostratus,
563 1377 667 1459 plenus
686 1367 762 1454 fide,
796 1371 945 1440 Christum
964 1389 1068 1462 rogat,
1086 1391 1120 1440 ut
1138 1392 1262 1461 propter
1280 1378 1351 1460 glo-

245 1473 317 1534 riam
336 1473 463 1534 nominis
483 1473 536 1548 sni,
556 1471 697 1552 passionis
717 1481 748 1532 et
766 1471 990 1532 resurrectionis
1010 1477 1078 1533 sna'e
1093 1473 1236 1536 miracula
1256 1491 1350 1534 reno-

243 1557 334 1630 va'ret.
371 1567 496 1627 Etcum
517 1575 643 1641 orasset,
666 1584 716 1625 roa
735 1564 831 1626 statim
851 1564 970 1628 caelitus
989 1566 1110 1629 veniens
1134 1566 1248 1650 lignum
1268 1565 1350 1628 infu-

246 1659 300 1734 dis,
321 1669 352 1718 et
371 1658 513 1721 continuo
533 1657 623 1718 flores
643 1657 748 1732 emisit,
766 1667 907 1738 tantaque
933 1658 981 1718 lux
1002 1680 1067 1720 cum
1087 1660 1181 1721 odore
1200 1661 1295 1737 affuit,
1315 1672 1351 1722 ut
1444 1657 1445 1726 i

244 1752 344 1816 cuncti
362 1763 463 1834 ventes¹
477 1770 541 1812 snas
561 1751 643 1830 quasi
663 1750 804 1834 coelestes
824 1761 981 1832 putarent,
1006 1763 1038 1812 et
1055 1753 1174 1833 qnando
1193 1753 1351 1816 secabatur

246 1845 335 1922 Crux,
354 1845 447 1928 magis
466 1865 499 1905 ac
518 1843 611 1926 magis
630 1843 740 1938 flqrere
759 1844 874 1924 coepit,
899 1844 991 1906 ,florea
1015 1858 1113 1908 antem
1136 1846 1168 1908 in
1188 1869 1288 1930 panno
1309 1850 1348 1910 ad

241 1937 301 2000 hoc
319 1947 494 2020 praeparato
514 1936 741 2016 recipiebantur.
771 1935 896 1998 Karalus
917 1949 1014 2000 autom
1033 1950 1152 2000 vantnm
1171 1963 1255 2002 suam
1274 1941 1347 2003 dex-

241 2043 321 2092 trum
345 2029 490 2112 implevit:
517 2029 624 2092 deiude
648 2028 737 2090 alium
757 2031 794 2094 ad
813 2029 1028 2111 suscipiendum
1040 2033 1348 2116 spinas-praeparans,

240 2123 363 2188 tradidit
382 2123 468 2184 illum
493 2120 598 2184 astanti
620 2121 854 2204 ArcbIepiscopo
885 2123 1070 2201 EbronensI‚
1099 2138 1130 2186 et
1159 2149 1222 2188 cum
1246 2141 1349 2190 essent

127 2223 129 2230 '
234 2217 392 2298 ‘'utriusque
412 2216 491 2280 ocnli
510 2216 643 2297 lacrymis
663 2216 811 2296 occupati,
829 2216 941 2296 absque
961 2217 1110 2299 utriusque
1122 2221 1348 2299 sustentatione,

237 2311 324 2380 unius
344 2311 435 2372 horae
454 2311 548 2394 spatio
568 2309 599 2372 in
620 2314 687 2372 alise
706 2309 795 2370 stetit.
832 2308 941 2370 Postea
959 2330 1031 2372 vero
1055 2333 1121 2386 cum
1145 2313 1232 2376 liores
1249 2314 1349 2376 vellet

240 2405 277 2466 de
296 2405 465 2468 chirotheca
486 2403 603 2478 eiicere,
623 2401 759 2463 conversi
774 2401 885 2462 suntin
896 2423 1043 2480 mannam,
1064 2425 1229 2486 quaenunt
1241 2419 1348 2470 osten-

204 2483 210 2504 *
239 2497 318 2558 ditur
342 2495 420 2578 apud
444 2496 585 2556 Sanctum
611 2493 798 2578 Dionysium.
855 2495 966 2558 Omnes
997 2495 1105 2558 infirmi
1137 2501 1187 2580 qui
1211 2501 1345 2582 aderant,
1443 2553 1444 2572 ,

238 2587 332 2652 odore
350 2589 459 2670 florum
478 2589 540 2650 sani
560 2588 630 2650 facti
650 2601 727 2664 sunt,
739 2607 870 2650 numero
887 2587 1002 2652 CCCL
1045 2591 1178 2670 Quidam
1197 2595 1277 2656 enim
1295 2597 1343 2676 al'-
1443 2593 1444 2610 ³

199 2699 203 2718 ¹
236 2681 295 2746 tuit
312 2681 429 2744 XXXII
447 2681 530 2744 annis
550 2702 668 2755 coecus,
686 2682 788 2742 surdus
809 2693 840 2744 ot
858 2694 970 2754 mutum
990 2695 1020 2744 et
1038 2685 1072 2746 in
1079 2689 1259 2750 extractione
1278 2692 1343 2771 spi.

143 2847 150 2862 Ι
236 2785 311 2836 tteae
323 2771 462 2834 Coronae
473 2773 565 2834 visum
577 2773 701 2852 recepit,
720 2774 752 2834 in
767 2773 899 2838 sectione
913 2774 1015 2838 Crucis
1028 2780 1166 2858 auditum,
1186 2781 1217 2842 in
1231 2783 1341 2846 florum

236 2865 569 2944 emissIone..loquelam.
606 2865 744 2946 Dataque
767 2880 836 2928 sunt
856 2867 967 2932 Carolo
987 2893 1054 2932 cum
1080 2883 1163 2954 parte
1185 2874 1288 2938 Crucis
1308 2889 1342 2938 et

237 2957 377 3022 Coronae
395 2958 529 3036 Domini,
550 2959 704 3020 Sodarium
725 2971 756 3022 ct
776 2960 903 3024 Carnisia
922 2963 1026 3026 beatae
1039 2967 1170 3050 Virginis
1191 2980 1221 3030 et
1234 2970 1339 3032 Fascia

235 3074 292 3134 qua
312 3073 435 3134 puerum
453 3053 555 3114 Jesum
573 3053 606 3114 in
631 3054 782 3116 cunabulis
802 3055 906 3132 cinxit,
932 3069 963 3118 et
985 3059 1142 3122 Brachium
1167 3061 1268 3125 Sancti
1287 3063 1341 3124 st-

233 3146 364 3224 rneonis,
388 3167 521 3228 unusque
546 3165 580 3207 ex
606 3146 707 3222 clavis,
731 3147 781 3225 qui
805 3169 873 3210 corn
896 3149 933 3209 dc
959 3150 1104 3214 alabastro
1125 3155 1339 3233 extraheretur,

25 3237 28 3244 ’
129 3309 135 3332 2
233 3253 348 3304 sanatus
375 3251 520 3322 est·puer
545 3239 663 3321 quidam
686 3238 797 3304 habens
823 3241 935 3304 aridum
960 3244 1033 3306 latus
1052 3247 1207 3310 sinistrum.
1248 3250 1338 3326 Quae

234 3333 332 3394 emula
351 3333 475 3394 Katolus
495 3334 668 3414 repatrians,
687 3333 718 3394 in
738 3353 809 3415 pera
830 3338 960 3416 portavit
979 3339 1016 3400 ad
1036 3339 1160 3418 collum;
1186 3353 1216 3402 et
1235 3343 1267 3402 in
1287 3344 1338 3405 ria

232 3443 379 3486 sacrarum
399 3424 588 3503 reliquiarum
606 3438 747 3490 contactu
766 3450 841 3509 puer
859 3443 990 3493 mortuus
1010 3434 1162 3498 suscitatus
1181 3446 1241 3511 est,
1260 3447 1291 3496 et
1309 3437 1338 3498 L

233 3515 314 3596 aegri
339 3515 440 3577 sanati.
487 3515 562 3578 Cum
589 3539 660 3580 sero
685 3521 903 3604 Aquisgramnn
928 3527 1126 3606 pervenisset,
1150 3529 1243 3590 sanati
1266 3541 1339 3590 sunt

232 3608 316 3670 coeci
341 3620 372 3670 et
398 3608 597 3672 febricitantes
622 3610 784 3690 innumeri,
808 3616 990 3679 daemoniaci
1013 3620 1089 3696 XII,
1117 3622 1227 3702 leprosi
1246 3623 1338 3699 VIII,

231 3699 382 3781 paralytici
401 3703 472 3780 XV,
502 3702 598 3764 claudi
617 3703 706 3780 XIV,
736 3709 832 3770 manci
850 3701 1097 3796 XXX,''gibbosi
1121 3716 1195 3790 LII,
1230 3716 1336 3778 caduci

229 3793 321 3856 LXV.
359 3794 476 3856 Deinde
495 3795 600 3858 indixit
618 3819 672 3879 per
690 3809 787 3862 totum
807 3804 1042 3882 orbem,.Idibns
1055 3809 1133 3868 IuniI
1145 3819 1178 3868 nt
1196 3809 1337 3872 venirent

171 3953 174 3958 ,
229 3887 447 3968 Aquisgranunr
466 3888 516 3950 has
535 3890 635 3953 videre
654 3893 806 3974 reliquias:
825 3897 878 3958 ubi
897 3899 953 3960 luit
970 3899 1033 3962 Leo
1053 3901 1151 3982 Papa,
1171 3913 1202 3962 et
1221 3902 1338 3983 Turpi·
1441 3939 1443 3966 r

95 4065 100 4080 1
231 4000 286 4042 nus
300 3979 566 4062 «Arcbiepiscopns,
591 3995 622 4044 et
640 3987 824 4068 Theophilus
848 3983 1051 4064 Antiochense
1067 3995 1204 4056 ·Antistcs
1223 3995 1336 4076 aliique
1442 4057 1443 4066 ,

158 4099 160 4106 ·
231 4071 348 4150 plurimi
372 4073 514 4158 Episcopi
540 4087 570 4136 ct
593 4077 739 4153 Abbates;
762 4081 805 4144 ibi
830 4084 917 4146 etiam
940 4087 1092 4150 suscitatus
1117 4100 1336 4154 est-mortuus:
1442 4163 1443 4182 ,

216 4164 454 4248 ¹celebraturque
474 4169 579 4233 festum
599 4172 652 4233 lv.
672 4173 745 4236 secla
763 4177 941 4240 ieiuniorum
960 4181 1066 4243 mensis
1086 4181 1172 4244 lunii.

683 4383 876 4400 ›nu-noun...-
