2960 5094
276 591 350 663 Post
359 589 457 658 Deum
474 589 506 649 in
524 587 608 649 vobis
627 585 767 664 babemus
786 583 930 660 fiduciam,
950 591 980 643 et
998 583 1030 642 iu
1049 593 1145 646 restro
1165 600 1266 644 amore
1285 593 1372 661 atque

272 683 404 766 ,caritatis
423 681 581 744 dilectione
600 679 722 740 firmiter
739 696 832 757 usque
851 677 888 738 ad
907 675 1032 737 animam
1048 676 1237 760 etsanguinis
1250 674 1373 736 ellusio-

277 797 364 854 nem,
382 797 441 838 una
460 797 526 836 cum
545 773 681 836 universo
701 771 832 854 populo,
857 763 1058 851 pe'rmnnemus
1078 781 1166 850 atque
1186 767 1374 850 permanebi-

277 891 350 932 mus.
389 871 503 930 Tamen
524 881 555 930 et
574 869 611 930 de
630 869 688 928 hoc
708 877 738 927 et
757 867 793 926 de
813 863 949 926 omnibus
967 863 1082 926 iustitiis
1100 864 1136 924 B.
1156 863 1239 924 Petri
1257 862 1375 948 praedi-

274 964 333 1034 ctis
355 963 458 1025 venris
479 961 573 1024 Missis
589 961 725 1022 subtilius
752 957 845 1018 locuti
871 979 983 1033 sumus,
1012 969 1110 1018 vestro
1135 957 1229 1039 regali
1255 954 1376 1018 culmini

218 1091 221 1104 ·
278 1067 384 1116 cuncta
404 1057 580 1118 enarranda:
601 1067 632 1117 et
650 1055 717 1126 iam,
736 1050 812 1112 sicut
829 1061 909 1126 terra
927 1051 1027 1112 sitiens
1038 1049 1160 1111 imbrem
1171 1050 1377 1131 praestolatur,

277 1149 320 1209 ita
338 1161 468 1211 vestrum
485 1151 629 1230 auxilium,
649 1159 679 1208 et
698 1165 862 1226 congruum
881 1142 1021 1206 ellectum
1041 1145 1078 1206 de
1097 1145 1205 1207 uostris
1222 1143 1377 1226 petitioni·

170 1267 172 1274 ’
192 1253 196 1260 ’
277 1241 333 1305 bus
351 1243 539 1324 postulamus.

335 1336 377 1396 Et
390 1337 495 1412 videte,
515 1332 745 1396 excellentissimi
756 1330 818 1408 filii,
838 1332 906 1412 quia
917 1329 1100 1393 obtestamur
1111 1353 1165 1392 vos
1177 1350 1233 1411 per
1245 1341 1376 1390 tremen-

279 1429 348 1490 dum
367 1429 443 1491 diem
461 1428 574 1488 iudicii:
595 1425 682 1487 etiam
700 1426 735 1486 B.
755 1425 860 1486 Petrus
879 1445 934 1506 per
952 1447 1007 1486 nos
1026 1445 1079 1486 vos
1100 1425 1273 1486 adhortatur
1288 1433 1377 1500 atque

278 1519 451 1595 obtestatur,
470 1531 504 1579 ut
521 1519 575 1580 sub
595 1519 684 1579 nimia
703 1518 860 1580 velocitate
876 1519 952 1600 ipsas
972 1520 1095 1580 iustitias
1115 1518 1244 1580 eiusdem
1264 1513 1376 1596 princi-

180 1617 182 1626 '
274 1612 321 1693 pis
332 1613 544 1694 Apostolorum
564 1611 928 1696 exigereaLongobardis
947 1612 1081 1688 iubentis,
1100 1611 1220 1673 fortiter
1239 1627 1291 1670 eos
1311 1617 1378 1668 c'um

277 1705 336 1768 nei
354 1706 462 1766 virtute
482 1705 704 1788 distringentes,
728 1717 761 1765 ut
780 1725 831 1766 sua
850 1706 971 1786 propria
990 1707 1068 1767 idern
1087 1707 1228 1786 princeps
1245 1703 1378 1784 Aposto-

277 1797 389 1876 lorum,
417 1809 505 1876 atque
530 1809 628 1860 sancta
646 1798 781 1858 Romana
798 1799 932 1860 Ecclesia
957 1791 1089 1879 recipiat.
1132 1799 1209 1859 Nam
1231 1797 1272 1872 si,
1298 1795 1380 1876 qnod

276 1910 339 1951 non
358 1890 512 1967 credimus,
536 1892 611 1974 ipsas
630 1891 755 1952 iustitias
774 1893 891 1974 exigere
910 1891 1109 1974 neglexeritis,
1129 1903 1179 1951 aut
1199 1888 1380 1963 distuleritis,

277 1981 374 2046 aciatis
397 2003 450 2045 vos
476 1985 513 2045 de
532 1986 593 2046 istis
611 1986 757 2046 rationem
776 1985 896 2045 fortiter
915 1996 983 2044 ante
1002 1983 1133 2044 tribunal
1152 1979 1265 2044 Christi
1283 1983 1380 2044 eidem

276 2076 405 2156 principi
423 2075 636 2157 Apostolorum
656 2078 874 2140 esmtacturos.
920 2077 953 2137 Si
973 2078 1037 2157 quis
1056 2087 1153 2136 autem
1170 2075 1257 2136 vobis
1277 2076 1381 2136 dixerit

278 2169 359 2247 quod
378 2169 500 2232 iustitias
512 2172 546 2231 B.
557 2171 640 2232 Petri
657 2172 833 2251 recepimus,
850 2191 903 2233 vos
922 2169 984 2228 ullo
1003 2169 1094 2228 modo
1116 2167 1143 2231 ei
1161 2187 1226 2228 non
1246 2169 1380 2230 credatis.

276 2261 358 2322 Dens
378 2275 475 2324 autem
495 2265 683 2346 omnipotens
702 2287 753 2324 sua
771 2283 824 2326 vos
844 2263 963 2322 dextera
987 2270 1142 2340 protegat,
1172 2269 1203 2318 et
1227 2261 1380 2322 victoriana

276 2353 362 2416 vobis
388 2356 425 2418 de
449 2357 531 2418 caelo
554 2357 681 2430 tribuat,
711 2373 852 2434 suumque
872 2351 1021 2434 Angelum
1041 2363 1109 2413 ante
1128 2351 1235 2415 faeiem
1254 2368 1380 2416 vestram

276 2447 382 2522 mittat,
403 2449 453 2526 qui
472 2469 524 2508 vos
545 2448 711 2528 praecedat,
730 2459 761 2507 et
779 2447 913 2506 inimicos
932 2447 1045 2508 vestros
1065 2465 1164 2508 coram
1182 2449 1289 2511 vestris
1308 2469 1380 2530 pro-

277 2549 389 2600 sternat
406 2538 545 2619 vestigiis,
564 2549 652 2619 atque
672 2540 767 2599 aDeo
787 2539 913 2602 instituti
931 2541 1017 2622 regni
1035 2540 1124 2603 vestri
1141 2543 1287 2604 terminos
1306 2543 1380 2604 dila·

277 2641 331 2707 tet,
351 2643 382 2692 et
399 2631 548 2712 praesenti
566 2651 661 2714 regno
680 2632 865 2716 longaeviter
883 2653 917 2695 ac
937 2653 1080 2716 prospere
1100 2633 1302 2717 gubernacula
1312 2655 1381 2717 per-

278 2721 338 2782 lrni
355 2723 456 2784 iaciat:
481 2723 567 2785 etiam
588 2737 618 2786 et
636 2730 705 2806 post
722 2727 807 2786 huius
825 2725 903 2789 vitae
922 2727 1150 2810 longaevitatem
1170 2729 1309 2792 caelestia
1326 2749 1381 2790 vo·

278 2815 324 2877 bis
342 2836 435 2898 regna
454 2837 509 2898 per
526 2817 639 2879 infinita
657 2820 770 2880 tribuat
788 2820 885 2882 secula
903 2821 1089 2901 possidenda.

728 3009 928 3022 a·—

801 3162 859 3230 lll.
922 3209 925 3214 -

514 3287 588 3344 mo
616 3285 715 3356 §nge
743 3301 821 3344 von
847 3287 971 3343 naras
995 3287 1146 3346 flebam
1206 3328 1207 3338 ,

627 3419 629 3426 .
691 3373 759 3428 nach
782 3372 970 3442 Wolter¹).

342 3497 432 3560 Ortus
451 3499 554 3562 Karoli
563 3502 665 3588 Magni
683 3503 748 3562 talis
769 3504 838 3561 fuit:
858 3508 931 3562 Erat
951 3507 1066 3584 quidam
1085 3501 1229 3582 Pippinus
1249 3523 1300 3562 rex
1320 3525 1382 3564 non

283 3589 394 3652 habens
413 3613 543 3670 uxorem,
561 3593 645 3656 valde
665 3595 835 3656 luxuriosus.
875 3594 1048 3656 Consultum
1069 3605 1113 3654 est
1131 3593 1198 3669 sibi,
1217 3601 1250 3653 ut
1261 3595 1384 3657 duceret

283 3703 413 3761 uxorem,
432 3708 471 3748 ne
491 3687 630 3748 deficeret
648 3709 772 3771 regnum
791 3688 853 3748 sine
873 3687 995 3746 herede:
1021 3687 1125 3746 annuit
1146 3686 1271 3747 consilio
1292 3711 1383 3768 quae-

282 3795 351 3836 reus
371 3799 539 3862 comparem
557 3782 756 3842 matrimonio.
786 3782 875 3841 Fama
895 3779 1064 3860 percrebuit
1083 3782 1119 3842 de
1138 3780 1199 3840 lilia
1210 3780 1289 3862 regis
1300 3783 1383 3842 The·
1437 3807 1440 3812 ·

285 3869 411 3948 odorici,
431 3875 481 3953 qui
500 3876 555 3936 suit
574 3897 625 3936 rex
636 3875 771 3952 Suaviae,
789 3872 928 3935 Bavariae
949 3883 979 3936 et
992 3872 1137 3935 nustriae.
1166 3874 1240 3935 Illuc
1259 3875 1383 3933 mittun-

326 4019 349 4074 Ι)
367 4021 490 4075 usuram
509 4027 651 4084 Wolters,
678 4027 790 4072 emaum
806 4026 831 4075 s.
850 4025 975 4072 Aaronom
993 4024 1138 4080 namma,
1161 4023 1384 4084 Αωιιεφεεωρωω

285 4086 416 4134 &emeruit
435 4091 574 4150 Cironium,
600 4108 638 4152 ap.
660 4093 692 4136 M
696 4093 802 4148 ettam,
830 4092 913 4149 Script.
935 4107 978 4136 rer.
1000 4092 1108 4137 German.
1126 4093 1180 4138 Vol.
1196 4093 1229 4150 11,
1249 4107 1274 4150 p.
1289 4096 1329 4138 20.
1344 4096 1382 4134 21.

282 4153 364 4214 Vergl.
378 4171 458 4203 ausser
468 4160 522 4206 dem
534 4174 563 4204 zu
577 4161 639 4218 Kap.
650 4161 691 4206 IV.
705 4159 875 4219 angefulrrtent
898 4159 934 4202 Le*
952 4158 1041 4203 Bauli
1054 4160 1085 4201 ds*
1098 4157 1245 4214 Franzia,
1267 4155 1382 4208 Veneria,

284 4219 425 4282 Alutaopols',
447 4231 518 4284 1821,
538 4233 560 4276 8.
577 4229 630 4274 nin.
645 4227 690 4280 Vl,
709 4240 761 4284 sep.
777 4230 872 4284 1-173
896 4239 920 4282 p·
941 4230 1065 4272 tlt-400
1082 4227 1131 4270 uad
1148 4225 1333 4282 mpsim
1346 4221 1386 4266 dcl

283 4285 354 4332 ww
374 4291 494 4340 inaratam
512 4294 602 4338 Noctes
627 4295 657 4337 de
672 4293 786 4338 lnuierno.
822 4292 959 4350 Comparatio
981 4307 1025 4352 por
1045 4295 1182 4340 Aratons'o
1205 4293 1241 4339 da
1260 4288 1381 4335 Batava.

284 4352 413 4414 Britannias,
424 4374 470 4416 por
479 4361 558 4418 Rogas
569 4359 691 4471 Velpio,flp
703 4359 802 4404 Huberto
814 4359 923 4404 Antoraio.
940 4363 1007 4416 1610,
1022 4365 1060 4406 1².
1077 4362 1134 4418 Gap.
1146 4360 1190 4405 X..·
1204 4357 1255 4418 „Sc
1267 4364 1350 4400 assisto
1363 4353 1386 4399 el

284 4422 420 4468 nacimieuto
437 4427 467 4471 de
479 4426 547 4472 carlo
556 4427 650 4483 Magno
681 4441 710 4488 ey
720 4427 749 4470 de
759 4425 871 4484 Francia,
883 4441 901 4487 y
912 4427 1057 4487 Emperudor
1066 4423 1205 4483 flomano‚“
1216 4441 1242 4484 p.
1253 4425 1382 4472 399-430.
