2908 5094
776 402 863 478 102

275 522 720 642 mammosam,
747 529 1199 634 assumamus,
1232 577 1384 634 mn

55 641 62 680 ⁵
182 689 185 700 ‘
275 659 360 726 modo
378 654 554 754 implacabili
570 659 602 720 in
619 655 674 716 illo
683 657 797 738 sistamus
813 670 907 731 poena
923 651 1044 716 lababit.
1442 705 1443 720 ,

231 775 234 784 ’
332 753 384 815 ΧΙ.
422 751 459 810 In
477 748 645 810 memoratis
663 767 789 826 namque
813 747 902 828 gestis
925 747 1003 826 apud
1022 747 1182 828 Martyrum
1202 744 1233 804 S.
1253 744 1383 806 Maurae

276 859 306 910 et
325 847 362 918 de
381 844 436 917 his,
456 862 530 922 quae
550 843 586 902 ad
605 852 722 902 sanctae
739 840 907 914 Ecclesiae,
932 861 966 905 ac
986 851 1134 902 rectorum
1159 837 1251 918 ipsius
1274 837 1384 898 hono-
1442 853 1443 860 ’

275 957 343 1008 rem·
358 951 390 1004 et
407 937 553 1018 vigorem,
578 946 610 1012 et,
627 935 662 994 de
684 933 741 1008 his,
770 953 844 1012 quae
864 933 901 992 ad
920 933 1009 1014 Regis
1029 944 1060 994 et
1078 931 1176 1016 Regni
1194 930 1382 992 soliditatem
1440 881 1443 1026 l

167 1089 169 1096 ,
274 1045 362 1116 atque
381 1051 479 1094 euram
499 1027 660 1108 pertinent;
678 1045 799 1094 necnon
818 1035 849 1086 et
869 1025 1029 1092 deDomus
1047 1025 1159 1107 Regiae
1179 1023 1382 1104 dispositione

227 1139 232 1148 '
264 1147 311 1190 ,ex
335 1122 569 1197 catholicorum,
593 1118 754 1180 secundum
777 1116 950 1180 Sanctarum
974 1117 1191 1200 Scripturas-um
1214 1118 1381 1192 tramitem,

274 1213 578 1300 promulgationibus,
603 1224 691 1292 atque
711 1231 746 1282 er
765 1209 999 1272 Christianorum
1018 1212 1133 1294 Regum
1152 1211 1380 1272 constitutioni·

263 1311 329 1372 lsus
349 1329 402 1390 por
422 1305 547 1387 capitula
566 1303 695 1366 breviter
714 1323 748 1364 ao
768 1302 933 1379 salubriter,
951 1304 976 1364 si
995 1316 1152 1368 teneantur
1170 1316 1379 1384 etexsequan-
1440 1267 1443 1364 l

276 1415 336 1480 tur,
356 1398 703 1470 collectaeontinsntur,
738 1399 938 1458 Veruntamen
962 1397 1030 1476 quia
1049 1395 1265 1472 Samaritanus,
1287 1417 1378 1458 verus

276 1488 420 1562 uidelicet
434 1503 533 1554 custos
551 1489 671 1550 hamam
690 1490 807 1578 generis
823 1487 991 1566 stabulario,
1011 1491 1041 1552 id
1061 1501 1115 1566 est,
1133 1489 1304 1552 Pontificali
1323 1511 1376 1574 or-

275 1588 446 1665 dial-,cuius
471 1603 557 1649 curae
576 1581 760 1645 vulneratum
780 1603 925 1662 quemque
944 1575 1138 1660 conmiserat,
1156 1584 1193 1644 ad
1212 1583 1376 1653 sanandum

275 1679 346 1746 dans
365 1681 439 1747 duos
459 1677 606 1752 denarios,
625 1677 719 1739 Vetus
738 1675 849 1738 scilicet
868 1697 902 1736 an
922 1677 1037 1741 Novum
1056 1688 1273 1752 testamentum,
1293 1676 1377 1750 dixit,

277 1773 469 1862 (andnuman
487 1772 663 1848 mgnum,
687 1789 741 1846 ogo
765 1791 831 1848 mss
848 1767 959 1833 rodim
976 1768 1171 1835 summisit
1188 1770 1299 1832 endem
1319 1791 1376 1853 ge-

268 1853 324 1930 stis
342 1866 476 1930 velutes
494 1861 772 1944 supererogatione,
797 1883 871 1944 quae
892 1863 1047 1943 praemissa
1064 1875 1133 1926 suut
1151 1864 1182 1924 in
1211 1863 1272 1929 hoc
1297 1884 1375 1944 opu-

272 1961 355 2044 pcolo
368 1969 402 2020 et
420 1976 495 2038 quae
514 1965 673 2035 sequentur
692 1954 840 2018 addiscere
859 1957 972 2020 studeo.

330 2053 398 2116 ΧΗ.
436 2048 634 2112 Adalhardum
653 2067 753 2108 senem
773 2060 804 2111 et
828 2050 988 2130 sapientem
1008 2048 1120 2110 Domui
1149 2047 1251 2112 Caroli
1270 2049 1374 2130 Magni

143 2193 144 2202 κ
271 2133 464 2226 Imperatoris
482 2141 695 2224 propinquum,
721 2143 939 2208 renouauerit
964 2141 1111 2212 corbeiae
1137 2140 1271 2202 abhatm
1291 2141 1374 2203 inter

272 2238 383 2320 primos
403 2235 584 2296 consiliarios
605 2234 731 2315 primum
750 2236 781 2294 in
805 2233 1002 2298 adolescentia
1028 2255 1092 2304 mea
1115 2234 1183 2296 vidi.
1220 2234 1313 2296 Cuius
1334 2237 1374 2296 li-

172 2353 174 2360 ·
270 2329 381 2396 bellum
401 2330 441 2392 de.
457 2328 562 2394 ¹ordine
582 2327 691 2390 Palatii
709 2327 784 2408 lagi,
817 2339 847 2386 et
866 2327 984 2407 scripsi,
1008 2327 1039 2386 in
1065 2344 1124 2406 quo
1151 2327 1227 2388 iuter
1250 2339 1373 2390 caetera

271 2423 458 2488 continetur:
479 2419 589 2484 duabus
608 2418 810 2500 principaliter
830 2419 1020 2482 divisionibus
1044 2421 1134 2483 totius
1158 2420 1245 2501 regni
1263 2433 1372 2484 statum

269 2525 416 2590 constare,
434 2511 602 2592 anteposito
621 2533 738 2592 semper
757 2523 787 2572 et
806 2511 916 2592 ubique
942 2513 1153 2594 omnipotentis
1170 2513 1230 2576 Dei
1248 2515 1371 2580 iudicio.

267 2609 397 2672 Primam
415 2605 743 2672 videlicetdivisionem
764 2626 826 2668 esse
845 2605 961 2680 dicem,
993 2627 1049 2686 qua
1076 2605 1194 2667 adsidue
1215 2618 1246 2668 et
1264 2607 1370 2670 indeli-

268 2701 381 2764 cienter
399 2698 489 2779 Regis
508 2697 651 2760 Palatium
670 2699 829 2779 regebatur
849 2710 879 2759 et
898 2697 1098 2762 ordinabatur.
1134 2699 1267 2760 Alteram
1287 2721 1370 2776 vero,

268 2813 326 2872 qua
344 2791 436 2854 totius
455 2789 542 2871 regni
560 2801 649 2852 status
676 2791 835 2852 secundum
859 2813 939 2854 suam
965 2792 1135 2874 qualitatem
1159 2793 1369 2856 studiosissime

267 2881 452 2965 providendo
471 2880 650 2943 servabatur.
857 2941 860 2950 ,
1314 2949 1319 2956 ,

323 2973 409 3036 xl11.
447 2974 483 3034 In
504 2973 597 3054 prima
622 2973 713 3056 igitur
738 2975 930 3058 dispositione
949 2979 1039 3062 Regis
1064 2978 1202 3059 palatium
1225 2979 1257 3040 in
1276 3000 1369 3040 orna·

265 3077 370 3132 ¹noento
389 3066 480 3130 totius
499 3066 600 3148 palatii
619 3067 660 3134 ita
680 3069 874 3133 ordinandum
894 3083 965 3132 erat.
1002 3072 1180 3152 anteposito
1195 3092 1269 3154 ergo
1282 3073 1367 3155 Rege

267 3173 298 3226 et
316 3159 433 3243 Regina
451 3179 517 3222 cum
536 3160 717 3224 nobilissima
735 3165 821 3244 prole
839 3186 901 3238 sua,
920 3174 978 3224 tam
1003 3164 1034 3224 in
1058 3163 1254 3246 spiritalibus,
1279 3187 1367 3246 quam

266 3265 298 3320 et
320 3254 364 3322 in,
379 3252 574 3330 secularibus,
604 3267 693 3335 atque
719 3255 922 3337 corporalibus
947 3254 1035 3318 rebus
1059 3277 1114 3337 per
1137 3257 1191 3318 bos
1215 3259 1367 3322 ministros

170 3381 172 3390 ,
266 3347 501 3428 omnitempore
521 3345 750 3430 gubernabatur,
769 3348 907 3414 videlicet
928 3369 982 3428 per
1000 3350 1240 3430 Apocriaiarium,
1260 3353 1292 3412 id
1313 3365 1367 3428 est,

177 3442 180 3450 ’
263 3436 465 3516 responsalem
489 3443 678 3520 negotiorum
703 3442 991 3514 Ecclesiasticoruntr
1017 3444 1097 3506 cuius
1115 3444 1310 3508 ministerium
1332 3467 1366 3508 ex

263 3547 302 3594 eo
321 3537 456 3606 tempore
475 3531 577 3590 sumsit
595 3536 761 3610 exordium,
788 3536 906 3615 quando
928 3533 1137 3599 Constantinus
1157 3539 1284 3620 Magnus
1303 3539 1365 3598 Im-

262 3617 586 3701 perator-Christianus
605 3625 729 3688 allectus
748 3639 873 3707 propter
891 3648 1022 3708 amorem
1041 3640 1072 3692 et
1083 3630 1228 3692 bonorem
1243 3643 1364 3692 sancto-

260 3732 326 3774 rum
344 3711 557 3790 Apostolorum
576 3714 658 3776 Petri
678 3729 709 3778 et
727 3718 822 3793 Pauli,
843 3741 966 3797 quorum
986 3721 1120 3784 doctrina
1145 3744 1179 3784 ac
1198 3723 1364 3786 ministerio

161 3863 167 3884 ,
260 3803 300 3864 all
318 3801 428 3872 Christi
447 3807 569 3884 gratiam
589 3807 768 3890 baptismatis
788 3811 970 3874 Sacramenti
989 3814 1135 3892 pervenit,
1154 3815 1252 3878 locum
1264 3827 1296 3887 et
1315 3839 1364 3880 se·

262 3895 329 3959 dem
349 3914 439 3970 suam,
459 3897 561 3959 urbem
581 3901 692 3964 scilicet
711 3897 884 3979 Romanam,
903 3905 1002 3986 Papae
1023 3906 1163 3971 Silvestro
1179 3909 1278 3972 edicto
1298 3911 1363 3990 pri-

182 4049 186 4076 ,
258 3987 364 4072 'allegit’¹
378 3987 513 4064 tradidit,
539 4002 569 4050 et
591 3994 690 4056 sedem
715 4018 795 4058 suam
815 3997 845 4056 in
866 3996 982 4058 civitate
1001 4019 1083 4074 sua,¹
1098 4021 1173 4079 quae
1192 4014 1279 4078 autea
1298 4003 1362 4085 By·
1399 4053 1405 4075 ,

138 4145 141 4164 Ι
257 4082 388 4143 santium
407 4079 583 4158 uocabatur,
606 4089 733 4150 nominis
758 4091 803 4152 s'ui
822 4089 969 4152 civitatem
990 4091 1159 4170 ampliando
1179 4094 1361 4156 aedificavit:

258 4184 291 4234 ⁸²
305 4174 347 4236 ⁸5⁰
366 4172 550 4254 resll⁰¹¹⁵lles
569 4187 628 4238 tam
647 4179 797 4245 Romanae
816 4181 908 4257 sedis,
934 4203 1031 4262 quam,
1045 4195 1075 4244 et
1101 4184 1222 4246 aliarum
1243 4189 1361 4268 praeci-

256 4283 380 4344 puarum
400 4265 513 4336 sedium
531 4268 563 4328 io
582 4268 692 4350 palatio
712 4295 768 4354 pro
788 4275 997 4337 Ecclesiasticis
1017 4277 1144 4358 negotiis
1166 4275 1369 4340 excubabant'

310 4356 411 4422 xlv..
429 4358 597 4441 Aliquando
618 4381 672 4443 per
689 4365 871 4448 Episcopus,
896 4367 1053 4449 aliquando
1079 4389 1149 4433 sero
1170 4391 1225 4452 per
1243 4370 1357 4432 Diaco-
