2908 5094
760 437 849 508 llo
958 423 1058 462 ‘⁴

242 599 414 667 venationis
434 595 567 676 exemplo
587 594 732 680 potuisset
750 591 920 660 informare,
951 589 1022 667 Sed,
1040 589 1118 671 prob
1138 589 1240 653 dolor!
1262 591 1373 654 aliur-.

242 717 307 758 sum
327 703 431 756 cuncta
451 709 594 751 converse
613 699 699 764 sunt,
723 697 754 748 ct
773 684 907 748 diabolus
931 703 985 746 vos
1013 683 1095 764 quusi
1113 685 1265 748 ministros
1287 707 1366 748 suos

242 789 280 848 ad
297 782 496 848 seminandam
517 779 691 844 discordiam
715 781 793 840 inter
818 799 892 858 qnos
922 777 1044 838 minime
1064 777 1205 854 decebat,
1227 777 1368 856 invenit,

242 879 355 940 scilicet
373 879 452 938 inter
475 874 621 955 sapientes
649 885 680 934 et
705 873 844 934 doctores
868 870 1036 946 Ecclesiae;
1062 880 1093 930 et
1117 870 1168 950 qui
1193 883 1386 951 peccantes,

243 973 395 1055 corrigere
424 981 455 1030 et
479 967 619 1049 castigare
645 965 828 1040 debuerunt,
853 963 959 1045 cogitis
985 964 1023 1022 ad
1047 974 1200 1042 peccatum
1225 964 1365 1028 invidiae

239 1073 332 1146 atque
351 1061 518 1124 iracundiae
538 1079 740 1140 prorumpere.
779 1057 840 1118 Sed
861 1056 920 1130 illi,
943 1054 1013 1116 Deo
1040 1055 1222 1144 miserante,
1237 1079 1366 1139 nequa-

201 1197 203 1205 ι
240 1179 332 1240 ‚quam
351 1157 476 1218 adsensu
494 1153 597 1215 vestris
616 1152 700 1212 malis
718 1148 957 1233 suggestionibus
977 1146 1140 1229 praebituri
1165 1161 1243 1210 suut.
1288 1154 1365 1214 Vos

242 1263 351 1326 eutem,
371 1249 421 1328 qui
440 1257 659 1326 contemptores
679 1255 798 1306 nostrae
817 1242 953 1303 iussionis
975 1241 1135 1318 exstitistis,
1164 1243 1225 1306 sive
1248 1241 1364 1306 Cano.

241 1345 303 1406 uici
327 1344 389 1406 sire
411 1338 552 1400 Monacbi
576 1337 737 1412 vocamini,
771 1335 807 1400 ad
832 1335 970 1416 placitum
995 1346 1144 1411 nostrum,
1171 1335 1250 1398 iuxta
1269 1341 1363 1418 qnod

171 1459 174 1470 ·
241 1414 379 1516 praeiens
398 1433 502 1494 Missus
528 1441 630 1492 noster
652 1429 738 1492 vobis
762 1427 914 1504 indixerit,
939 1427 1027 1490 nobis
1051 1448 1103 1490 vos
1128 1428 1268 1492 adsistere
1294 1434 1361 1494 sci-

244 1541 316 1590 tote.
354 1529 395 1588 Et
415 1524 543 1606 quamvis
562 1524 600 1586 ed
619 1543 674 1584 nos
694 1522 779 1584 missa
800 1523 848 1584 bic
867 1521 962 1584 iactae
982 1521 1135 1584 seditionis
1162 1543 1214 1589 vos
1234 1537 1363 1586 excuset
1452 1572 1453 1583 ,

244 1621 386 1702 epistola,
406 1618 514 1694 venite,
534 1629 565 1678 et
585 1615 735 1700 condigna
754 1615 953 1677 satisfactione
972 1613 1100 1679 tunsum
1120 1615 1231 1680 crimen
1252 1616 1362 1680 eluite.

695 1747 895 1762 m

713 1843 877 1918 XXXVI.

581 1972 781 2030 Koron
821 1971 1004 2042 Magn!

249 2135 272 2142 ,,
629 2073 800 2154 Capitulare
835 2071 962 2152 primum

239 2219 241 2226 .
267 2210 280 2236 1,
306 2171 427 2234 ‚dotum
448 2183 477 2226 tu
493 2168 602 2236 videtur,
620 2169 669 2237 cub
693 2169 748 2238 ttius¹
763 2167 835 2234 regui
853 2169 958 2223 exordia
976 2187 1047 2220 anno
1061 2165 1220 2222 DCCLXIX
1230 2169 1265 2239 ¹).

239 2273 253 2342 ,¹
296 2271 326 2348 Ἰ.
363 2285 506 2362 llarolns‘,
530 2285 625 2369 gratia
644 2283 703 2344 Dei
728 2283 791 2343 Rex
809 2284 955 2364 regnique
981 2284 1162 2346 Francorum
1181 2295 1292 2362 rector,
1320 2301 1360 2349 et

239 2379 368 2440 'devotus
392 2389 510 2444 sanctae
535 2370 687 2438 Ecclesiae
713 2375 878 2452 Defensor,
903 2388 991 2458 atque
1016 2378 1133 2439 adiutor
1155 2379 1187 2439 in
1211 2379 1361 2444 omnibus
1429 2385 1431 2392 “

240 2470 421 2551 apostolicae
441 2470 526 2530 Sedis
545 2471 666 2530 hortatu
685 2468 815 2528 omnium
832 2467 962 2530 fidelium
979 2483 1160 2549 nostrorum,
1180 2485 1210 2532 et
1223 2473 1355 2534 maxime

241 2563 458 2643 Episcoporom
476 2581 511 2620 ac
529 2560 711 2642 reliquorum
731 2561 925 2624 Sacerdotum
944 2566 1091 2643 consultu,
1109 2565 1200 2628 servis
1214 2565 1274 2626 Dei
1291 2587 1354 2647 per

240 2655 340 2716 omnia
360 2652 496 2714 omnibus
516 2664 690 2714 armaturam
710 2667 831 2732 portare
844 2655 892 2717 vel
912 2677 1055 2738 pugnare,
1074 2659 1168 2720 autin
1188 2660 1352 2722 exmcitum

159 2735 163 2747 ⁸
239 2759 271 2808 ct
289 2733 321 2806 in
340 2747 454 2806 hostem
473 2765 599 2827 pergere
619 2744 741 2804 omniuo
761 2747 968 2826 probibemus,
993 2752 1050 2813 uisi
1074 2753 1119 2812 illi
1138 2755 1347 2814 tantummodo

238 2839 290 2920 qui
309 2848 434 2917 propter
453 2837 583 2898 divinum
602 2836 807 2915 ministerium,
825 2839 980 2905 Missurum
998 2843 1111 2906 sedicet
1129 2845 1271 2906 solemnia
1291 2845 1347 2906 ad-

231 2928 386 3010 implenda
407 2940 437 2988 et
456 2940 624 2990 sanctorum
643 2930 807 3010 patrocinia
826 2937 988 3014 portanda,
1014 2938 1050 2998 ad
1076 2937 1136 2998 boc
1156 2937 1243 2998 electi
1261 2937 1347 3011 suut,

236 3024 267 3085 id
287 3017 331 3084 cst
349 3041 439 3082 unum
459 3021 505 3084 vel
526 3023 600 3084 duos
618 3023 783 3103 Episcopus
804 3048 869 3086 cum
891 3026 1059 3110 Capelianis
1074 3030 1267 3112 Presbyteris.
1304 3031 1350 3090 Et

235 3116 434 3196 unnsquisque
444 3115 586 3195 Princeps
597 3137 686 3176 unum
697 3115 905 3200 Presbyterum
917 3142 1015 3184 secum
1026 3123 1142 3198 babeat,
1155 3123 1206 3201 qni
1216 3121 1347 3184 bomini·

235 3210 289 3272 bus
302 3221 422 3292 peccata
435 3207 643 3270 confitentibus
657 3209 786 3271 iudicare
808 3223 839 3271 et
857 3212 987 3275 indicare
1006 3215 1222 3296 poeniteutiam
1240 3215 1344 3298 possit

293 3303 333 3362 ΙΙ.
373 3304 416 3362 Ut
441 3301 618 3364 Sacerdotes
651 3323 749 3384 neque
777 3304 1012 3368 Christianorum
1036 3329 1133 3389 neque
1158 3329 1344 3391 paganorum

236 3387 409 3475 sanguinem
430 3395 563 3456 fundant
591 3392 594 3398 ’

250 3499 264 3530 '¹
296 3485 353 3544 Ill.
393 3483 540 3544 Omnibus
552 3488 706 3548 servisDei
718 3493 890 3554 venationes
902 3504 932 3554 et
943 3494 1086 3556 silvaticas
1096 3494 1267 3576 vagationes
1277 3515 1346 3556 cum

233 3577 371 3652 canibus,
396 3587 426 3636 et
450 3587 483 3636 ut
507 3577 660 3656 accipitres
686 3592 717 3640 et
741 3582 871 3645 falcones
891 3607 953 3646 non
974 3586 1103 3647 babeant
1129 3584 1343 3649 interdicimus.

289 3669 343 3728 IV.
382 3668 541 3730 statuimus
561 3682 594 3730 ut
613 3673 773 3734 secundum
794 3679 966 3739 canonicam
992 3679 1134 3740 cautelam
1160 3702 1263 3742 omnes
1282 3704 1341 3742 un-

233 3762 388 3840 decunque
422 3763 663 3843 supervenientes
699 3766 820 3847 ignotos
853 3771 1019 3850 Episcopus
1056 3773 1104 3833 vel
1133 3773 1344 3856 Presbyteros,

230 3866 299 3916 ante
319 3853 528 3935 probationem
547 3857 718 3938 synodalem
742 3858 774 3919 in
800 3862 1027 3924 ecclesiasticum
1050 3863 1245 3928 ministerium
1275 3890 1341 3930 non

229 3945 457 4010 admitteremus.
582 3955 585 3964 ‘
739 3951 745 3966 “

246 4043 328 4102 ·›V.·
345 4039 396 4100 ot
424 4039 602 4102 ¹Sacerdotes
630 4044 730 4124 plnres
754 4067 857 4108 uxores
882 4049 1054 4128 habuerint,
1084 4052 1132 4114 vel
1161 4054 1341 4137 sanguinem

228 4130 467 4198 Christianorum
485 4133 533 4196 tel
552 4155 734 4216 paganomm
758 4139 906 4218 sederint,
931 4153 981 4202 aut
1005 4145 1168 4207 canonibus
1195 4147 1339 4210 obviave-

224 4225 294 4300 rint,
313 4229 480 4290 secerdotio
500 4229 663 4308 priventur,
684 4232 753 4309 quia
773 4232 935 4296 deteriores
955 4249 1024 4298 sunt
1042 4239 1230 4304 secularibus.

222 4333 438 4434 m,
453 4378 527 4438 eapte
542 4379 602 4438 lisg-
619 4379 660 4438 ᾗ.
677 4381 748 4428 Toni.
769 4383 902 4446 1‚·p.1oo.
936 4385 1072 4445 Walter,
1092 4387 1160 4447 aurp,
1177 4391 1234 4435 ineis
1253 4365 1338 4444 ami,

221 4441 518 4503 “stetim-edibus·
769 4464 773 4474 '
853 4465 875 4498 ἰ
1203 4469 1207 4479 ’
1273 4469 1276 4481 “
