2890 5092
98 1915 105 1944 Ι

646 385 648 394 ’
752 425 842 496 sse

325 563 384 670 666
403 599 478 681 Spes
498 595 590 670 locet,
609 592 687 653 baud
706 589 825 672 paribus
844 583 962 698 simper
980 583 1088 666 palatia
1107 583 1236 665 flagrant

402 691 536 776 Ignibus,
555 687 689 749 admittat
705 683 838 764 quemvis
857 681 960 764 regina
979 677 1128 753 maritum,

401 785 610 863 Basiolunsque
629 777 696 840 rudi
715 775 814 886 cupiat
832 773 937 838 libasse
957 772 1117 836 subulco.

404 879 454 940 Sic
474 877 607 958 plausere
625 871 761 946 Deae,'
738 892 779 930 stc
799 869 972 951 applausere
991 864 1113 926 Deabus

403 972 559 1032 Laetantes
578 967 683 1050 passim
702 963 844 1038 Druidae,
863 963 915 1024 sed
934 959 1042 1021 celsior
1061 939 1119 1018 alta

245 1121 250 1140 ,
314 1073 386 1156 666
405 1061 587 1145 Despectam
607 1079 654 1120 res
674 1059 813 1120 humanas
833 1056 869 1116 de
888 1053 968 1116 nube
987 1051 1156 1132 Menippus,

403 1159 482 1218 Dum
502 1175 604 1238 regum
624 1152 704 1213 luxus
725 1161 755 1211 et
774 1149 876 1212 stultas
894 1146 1018 1212 ventilat
1037 1145 1127 1222 aulas,

402 1253 441 1311 Et
460 1268 532 1312 naso
553 1259 664 1336 patrem
686 1243 826 1308 Carolum
847 1240 999 1323 suspendit
1017 1250 1048 1302 et
1066 1239 1210 1304 Emmamt

703 1514 904 1530 ’an—a*

726 1824 882 1899 LXXIX.

270 1962 387 2022 Paul!
410 1959 615 2034 (necessu)
633 1951 886 2024 mangonum
907 1963 1004 2020 em
1020 1949 1223 2024 principes
1244 1963 1345 2010 sues

507 2057 631 2112 regno
647 2039 858 2148 destitutos
875 2033 1047 2094 fidelitate
1063 2036 1170 2128 ¹)··⁸

312 2223 350 2239 -··
369 2187 474 2250 —De
501 2188 652 2268 praedicto
672 2181 783 2258 Paulo,
811 2138 890 2242 unde
915 2181 1038 2242 fecimus
1060 2111 1260 2258 mentionem,
1288 2182 1363 2244 licet

253 2283 368 2346 inculto
392 2301 547 2358 sermone,
576 2278 687 2360 aliquid
712 2277 748 2337 de
773 2275 862 2358 gestis
888 2275 949 2335 eius
969 2274 1036 2336 huic
1056 2275 1235 2338 Historiae'
1226 2288 1362 2338 intexere

256 2378 347 2460 cupis:
384 2377 438 2454 Et,
459 2387 492 2436 ut
510 2373 691 2456 praedictum
712 2381 772 2442 est,
791 2367 827 2428 ab
849 2367 985 2430 omnibus
1006 2357 1068 2429 irat
1087 2367 1225 2444 dilectus,
1246 2380 1276 2429 et
1294 2390 1361 2430 me-

171 2483 174 2490 ’
254 2472 312 2534 rito
333 2469 460 2552 proinde
480 2468 508 2528 ei
528 2464 673 2528 concessit
692 2461 785 2544 gratia
798 2460 918 2537 Christi,
937 2473 971 2521 ιιι
989 2461 1025 2522 ab
1047 2461 1183 2524 omnibus
1203 2473 1362 2522 amaretur.

254 2567 295 2625 Et
326 2561 477 2644 quomodo
508 2562 598 2620 bomo
629 2577 696 2618 eum
727 2575 845 2616 exosum
874 2555 983 2616 babere
1009 2563 1144 2636 poterat,
1176 2555 1227 2636 qni
1253 2568 1319 2616 erat
1343 2577 1361 2616 a
1439 2595 1440 2598 =

190 2645 197 2664 ’
232 2646 236 2658 “
256 2655 376 2718 Christo
398 2651 539 2716 dilectus?
583 2652 645 2712 Sed
671 2651 739 2711 dum
764 2648 865 2728 iniqua
890 2649 1050 2729 cupiditate
1069 2647 1260 2732 Langobardi
1277 2649 1362 2710 inter

226 2753 237 2766 '
255 2769 287 2811 se
308 2758 529 2828 consurgerent,
549 2745 666 2826 quidam
686 2763 720 2802 ex
744 2741 916 2823 proceribus
935 2739 1139 2824 Langobardis
1162 2741 1250 2802 talem
1272 2741 1361 2823 lega-

254 2841 368 2900 tionem
388 2839 507 2898 mittunt
527 2836 638 2896 Carolo
658 2835 840 2894 Francorum
859 2833 954 2916 Regi,
981 2843 1128 2914 quatenus
1151 2835 1266 2897 veniret
1286 2856 1361 2896 cuns

254 2933 352 2996 valido
373 2929 510 3007 exercitu,
531 2941 561 2990 et
573 2929 708 3010 Regnum
729 2927 832 2987 Italiae
853 2926 906 2987 sub
927 2947 985 2988 sua·
997 2927 1110 2988 ditione
1131 2927 1289 3004 obtineret,
1309 2950 1361 2989 as-

225 3011 399 3104 '‚serentes,
431 3024 498 3105 quia
531 3023 618 3083 istum
643 3020 827 3081 Desideriurn
844 3031 1013 3102 ¹tyrannum
1044 3019 1097 3082 sub
1123 3034 1268 3104 potestate
1292 3021 1361 3084 eius

253 3121 405 3184 traderent
422 3117 568 3192 vinctum,
595 3127 625 3178 et
644 3135 716 3196 opes
737 3115 841 3175 multas
861 3114 1031 3176 contrariis
1051 3115 1245 3191 indumentis,
1270 3133 1361 3192 auro,

253 3225 437 3298 argentoque
456 3209 582 3286 intextis,
599 3209 631 3269 in
650 3229 733 3269 suum
753 3208 971 3268 committerent
989 3209 1160 3269 dominium.
1193 3208 1283 3284 Quod
1303 3209 1362 3271 ille

253 3308 418 3389 praedictus
441 3305 504 3364 Rex
529 3302 654 3364 Carolus
680 3319 879 3384 cognoscens,
914 3321 978 3361 cum
1007 3302 1144 3378 Francis,
1175 3301 1362 3380 Alemannis,

252 3397 524 3480 Burgundionibus,
543 3417 600 3458 nec
619 3415 682 3456 non
702 3407 733 3482 ct
752 3392 926 3470 Saronibus,
949 3412 1015 3454 cunt
1035 3395 1149 3478 ingenti
1167 3396 1361 3457 multitudine

252 3492 367 3552 Italiam
396 3489 575 3569 properavit.
625 3488 786 3568 Postquam
815 3488 846 3547 in
876 3485 991 3546 ltaliam
1016 3487 1078 3548 Rex
1109 3489 1234 3551 Carolus
1262 3491 1361 3568 venit,

252 3585 316 3644 Rex
334 3581 437 3643 ltaliae
456 3579 640 3655 Desiderius,
664 3601 680 3640 a
701 3581 757 3640 suis
779 3580 905 3662 quippe,
929 3591 963 3640 ut
983 3581 1119 3658 diximus,
1140 3583 1272 3644 fidelibus
1291 3584 1360 3644 cal-

253 3676 312 3736 lide
338 3687 381 3736 est
404 3676 540 3740 traditus:
572 3693 658 3754 quem
683 3673 734 3734 ille
759 3674 889 3737 vinctum
914 3673 971 3736 suis
998 3673 1137 3736 militibus
1161 3676 1292 3747 tradidit;
1328 3689 1361 3737 et

251 3769 353 3830 serunt
378 3768 444 3845 alii,
477 3780 510 3828 ut
534 3767 643 3828 lumine
669 3787 735 3828 eum
760 3767 908 3848 privasset.
946 3769 1046 3848 Atque
1064 3769 1127 3849 ipse
1148 3769 1272 3830 Carolus
1290 3768 1362 3830 Rex

251 3863 380 3924 firmatus
401 3873 444 3922 est
462 3861 552 3924 totius
571 3859 683 3923 Italiae.
715 3859 802 3922 Solus
819 3860 886 3921 Dur
905 3858 1022 3924 Aricbis
1041 3861 1216 3925 Benevento
1236 3881 1361 3924 reman-

289 4106 463 4166 ¹sAsosym.
478 4080 669 4154 salernitan.
693 4107 793 4165 Clitom,
810 4106 866 4164 cop.
883 4103 927 4162 IX,
945 4119 988 4164 pp.
1010 4107 1174 4164 Muratori,
1192 4107 1279 4164 script.
1295 4107 1357 4154 Ber.
1438 4113 1439 4126 ¹

247 4171 304 4220 1101.
318 4169 389 4218 Totus.
402 4173 436 4228 11,
449 4173 478 4220 P.
492 4179 516 4230 2,
529 4189 554 4231 p.
570 4175 613 4219 179
625 4173 654 4220 ff.
688 4173 799 4220 Dieselbe
813 4173 951 4222 Geecbicbte
964 4173 1055 4221 ments
1067 4173 1127 4219 Leo
1139 4175 1170 4219 M
1175 4179 1241 4222 arel
1247 4189 1357 4234 carue,
1438 4193 1439 4230 ς

246 4237 331 4284 illesos.
348 4237 475 4289 Cassium.
488 4241 510 4295 1,
526 4245 562 4294 lt,
577 4238 749 4297 (muratori,
764 4238 834 4288 Tun.
847 4242 906 4294 Ν).
934 4241 1016 4286 etsist
1028 4242 1193 4288 unbeaweifelt
1205 4244 1249 4286 den
1262 4243 1360 4288 Fabeln
1438 4237 1439 4292 ἶ

245 4304 432 4362 tetsnssetnsn,
459 4306 568 4350 wiewobl
588 4306 690 4350 deutlich
714 4308 976 4368 eusibrbervorgebt‚
999 4322 1046 4353 was
1059 4310 1131 4354 sclson
1144 4308 1296 4368 urderwcitig
1310 4311 1358 4360 lte-
1438 4337 1439 4340 =

244 4371 321 4414 roerlst
333 4373 429 4416 worden
447 4375 491 4426 ist,
521 4375 574 4416 class
591 4371 678 4416 Paulus
693 4371 810 4418 Diaconue
823 4389 867 4418 nur
880 4375 922 4418 mit
936 4375 1114 4421 Witlerstrelsen
1127 4377 1179 4422 slent
1196 4376 1357 4421 Franltenlsd·
1438 4401 1439 4414 ι

244 4438 300 4496 nige
311 4435 404 4496 gelolgt
417 4451 447 4481 ιιι
459 4437 509 4482 sein
522 4440 619 4484 ecbelnt.

384 4517 391 4540 s
