2890 5092
315 616 373 678 440
391 605 501 670 Deficit
519 571 684 690 ingenium,
703 623 760 666 nec
778 603 892 664 habeut
911 619 976 662 mea
995 601 1061 664 vela
1080 619 1241 662 recursum.

392 701 491 776 Quam
510 699 587 759 male
602 698 665 766 ¹fidu
685 717 763 760 meas
784 715 886 758 exorsa
906 706 950 757 est
971 687 1082 778 Cypria
1101 696 1245 757 flammas!

391 795 488 870 Quam
508 813 567 854 nox
586 792 657 852 haee
676 789 795 852 inimica
815 790 882 866 suit,
903 809 979 869 quae
999 789 1084 851 liniet
1102 785 1178 864 illas,

392 886 475 961 Quas
495 885 551 946 fuit
571 905 648 960 orsa,
667 883 761 945 iaces!
783 883 856 944 nihil
876 896 929 958 est,
951 883 1031 962 quod
1051 882 1163 964 fingere
1184 881 1284 962 possit

299 965 303 976 ,
390 979 579 1040 Inconsultus
599 997 691 1038 amor.
729 976 794 1038 Sim
812 987 921 1052 taurus,
940 975 1089 1058 Juppiter,
1108 977 1245 1035 Emmam

317 1081 374 1142 415
393 1075 437 1132 Ut
455 1070 565 1150 rapiam
584 1071 689 1130 fluctus
707 1069 795 1146 ultra,
813 1089 878 1129 mea
898 1089 1024 1150 corpora
1045 1081 1162 1149 torque,

388 1167 536 1244 Artusque
559 1175 689 1240 attenua,
707 1174 741 1222 ut
760 1160 877 1223 colubri
897 1163 950 1223 sub
971 1164 1099 1246 imagine
1119 1180 1226 1243 parvus

389 1257 510 1334 Elabar,
529 1257 577 1318 sac
597 1257 659 1318 este
679 1253 817 1336 aquilam,
835 1251 990 1336 nubesque
1009 1275 1121 1331 secare,

390 1353 430 1412 Et
448 1361 559 1414 vastum
579 1349 739 1430 perinane
758 1347 838 1426 vehi,
857 1348 912 1410 sim
931 1348 996 1410 vilis
1016 1348 1165 1424 Arachne,

387 1445 449 1504 Aut
468 1443 560 1504 blatta
578 1443 716 1524 tincaque
736 1443 843 1504 minor.
881 1443 947 1504 Nec
964 1441 1068 1502 territa
1088 1461 1156 1501 casu

313 1543 372 1604 420
391 1537 500 1598 Palluit
518 1539 622 1597 Eme
641 1535 747 1614 minus,
766 1536 906 1617 trepidat,
925 1535 1047 1615 suspiria
1068 1535 1149 1596 ducit

389 1630 493 1707 Auria,
512 1651 592 1692 nunc
611 1650 661 1692 sua
681 1629 741 1690 lata
761 1628 858 1702 dolet;
878 1647 959 1690 nunc
979 1628 1122 1690 condolet
1141 1625 1196 1705 illi,

388 1724 430 1784 Et
449 1723 574 1784 multum
593 1723 727 1804 perculsa
746 1733 842 1804 tepet;
862 1721 1003 1784 desaeviit
1021 1733 1127 1798 aestus,

388 1815 430 1876 Et
447 1823 514 1877 serd
535 1817 678 1896 deprensa
698 1816 783 1896 sapit,
802 1816 881 1876 subit
899 1817 942 1875 ira
958 1816 1106 1876 ‘tremendi

390 1908 535 1984 Caesaris,
555 1909 747 1989 offensusque
767 1921 861 1991 pater,
880 1908 1055 1991 generisque
1074 1909 1241 1990 domusque

313 2011 371 2071 425
391 2001 552 2083 Splendor,
573 2012 604 2062 et
621 1999 742 2064 invictis
755 2023 904 2084 aspersum
924 2002 1050 2064 dedecus
1070 2003 1164 2064 armis.

390 2095 527 2156 Tandem
546 2093 602 2154 ait:
620 2095 768 2157 Invenere
787 2096 862 2159 uiam
881 2094 953 2154 mibi
972 2094 1032 2155 lata
1051 2095 1204 2178 Deosque,

388 2190 454 2250 Nec
472 2209 519 2250 mc
540 2189 695 2252 deseruere
716 2189 790 2267 doli,
809 2191 900 2274 magis
919 2191 1045 2250 advocat
1064 2201 1152 2265 artes,

389 2281 466 2343 Cum
485 2281 635 2358 formidat,
656 2283 764 2358 amans,
784 2284 940 2368 gliscitque
959 2281 1112 2358 industria,
1133 2305 1198 2344 cum
1219 2303 1252 2344 se

390 2375 472 2458 Angi
492 2376 587 2440 credit
607 2395 699 2437 amor.
737 2378 784 2438 Ne
803 2387 834 2437 tc
854 2395 1029 2457 gressusque
1049 2376 1148 2438 viriles

314 2475 372 2552 430
392 2469 572 2546 Observent,
591 2470 752 2550 Eginarde,
772 2469 863 2549 nives,
882 2469 1047 2530 cervicibus
1067 2469 1157 2546 bisce,

388 2561 442 2622 His
462 2562 590 2624 humeris
611 2561 711 2624 libabo
731 2564 837 2641 virum,
855 2563 1012 2625 sublimior
1031 2563 1104 2624 haec
1122 2574 1156 2622 tu

389 2654 476 2718 Golla
496 2675 611 2737 premes
630 2657 784 2737 celsusque
802 2657 875 2718 meis
894 2657 1054 2737 portabere
1074 2657 1105 2715 in
1125 2657 1219 2716 armis.

360 2753 368 2760 '
388 2751 515 2830 Magnus
534 2749 617 2810 Atlas
636 2749 764 2809 tremulo
786 2751 934 2828 quondam
954 2750 1095 2811 suffectus
1116 2749 1250 2848 Olympo
1272 2763 1334 2828 cst,

388 2835 707 2920 Sustinuitquedless,
728 2841 823 2922 ipsum
843 2843 916 2904 Iove
936 2856 1021 2904 natus
1041 2842 1192 2905 Atlantem

308 2941 370 3004 '435
389 2931 507 3009 Fulciit,
525 2933 675 2995 Anchisen
696 2935 788 2997 Troia
807 2937 952 3018 flagrante
972 2949 1126 3018 parentem

389 3025 514 3088 Sustulit
532 3029 652 3090 Aeneae
672 3030 776 3110 pietas,
798 3031 916 3110 portata
936 3030 1030 3090 feroci

389 3123 484 3184 Nesso
504 3121 646 3182 Deianira
666 3123 732 3198 fuit,
751 3143 783 3183 se
802 3123 909 3184 Pelion
930 3122 1025 3184 Ossae

387 3215 488 3277 Altior
507 3215 657 3296 imposuit,
676 3227 900 3297 tot·portauere
920 3216 1042 3278 maritae
1104 3263 1107 3270 .

388 3310 534 3372 Obsessos
556 3310 670 3371 cervice
690 3310 780 3387 viros,
800 3329 958 3389 carumque
978 3310 1106 3370 redemit

312 3412 370 3470 440
392 3406 537 3482 Quaeque
557 3404 614 3464 sibi
634 3404 749 3484 pondus
770 3403 883 3466 sonim.
924 3405 991 3464 Hoc
1011 3404 1110 3464 audiat
1129 3403 1223 3466 omnis

386 3495 557 3570 Posteritas,
577 3497 707 3558 humeris
727 3519 865 3579 magnum
884 3497 1057 3558 sublimibus
1076 3499 1197 3558 Emmae

385 3587 530 3648 Insedisse
550 3609 683 3667 procum,
705 3591 735 3648 et
754 3589 867 3669 neptim
887 3589 1016 3671 potuisse
1036 3591 1135 3670 Pipini

386 3681 478 3742 Ferre
498 3701 619 3755 marem,
639 3681 814 3761 etpedibus
834 3684 970 3744 iuvenem
990 3684 1098 3744 vexisse
1117 3685 1246 3744 tenellis.

388 3773 504 3856 Coepta
526 3774 652 3856 placent,
672 3775 797 3835 alacrem
816 3776 901 3836 velox
920 3777 1086 3860 Egiuardus
1106 3777 1138 3836 in
1157 3778 1296 3838 Emmam

312 3875 369 3936 445
389 3867 494 3942 Insilit3
513 3869 563 3928 illa
583 3868 682 3928 attolit
702 3889 775 3928 unus
794 3869 966 3948 spectabile,
982 3870 1080 3950 portis

387 3961 547 4039 Egreditur
568 3963 717 4043 ualeatque
737 3963 836 4038 nives,
856 3963 1040 4042 amplectitur
1058 3961 1109 4024 ille

384 4054 559 4136 virgineum
580 4069 667 4136 caput
688 4069 717 4116 et
737 4057 815 4118 collo
836 4055 1014 4135 trepidantia
1034 4055 1127 4115 nectit
1176 4054 1179 4059 ’

385 4147 522 4234 Brachia,
542 4148 668 4229 dumque
688 4151 784 4232 gravis
804 4148 934 4224 rebitur,
953 4147 1010 4208 sibi
1031 4150 1165 4229 pondera
1183 4151 1279 4212 vellet

383 4241 521 4303 Diminui‘
537 4241 659 4322 fierique
681 4243 761 4303 levis.
800 4241 994 4304 Memorabile
1013 4241 1087 4304 vidit

309 4343 367 4406 450
386 4338 426 4396 Et
445 4334 557 4397 lacinus
576 4331 732 4415 Dictynna*
745 4355 863 4410 novam,
882 4335 1056 4414 nebulisque
1081 4333 1189 4418 fugatis

383 4429 496 4489 Extulit
515 4451 558 4506 os,
577 4427 700 4507 risitque
720 4427 803 4505 duos,
823 4427 958 4508 plausere
977 4447 1104 4508 superne
