2900 5086
387 453 394 486 ,
662 495 668 522 ,
764 421 852 494 srs

338 593 397 654 hee
416 588 626 670 inscriptione,
650 583 801 647 Lamse·
822 585 919 662 ysaie
934 581 971 644 dr
988 580 1150 678 My
1170 583 1199 644 id
1226 593 1289 657 est,
1316 597 1368 646 sa·

279 705 282 714 ·
313 683 420 747 iaia·
434 703 583 745 mem
600 675 778 756 Mundae,
796 679 914 766 legitur.

265 826 267 836 .
312 819 333 836 ..
372 776 476 838 Karios
495 795 552 855 por
570 774 597 833 in
615 772 709 856 grstia
728 773 767 833 de
780 771 856 832 Dios
868 770 932 852 Rey
951 771 989 831 de
998 771 1127 832 Nensrrn
1141 769 1252 830 (inmte
1264 769 1364 830 ‹i‘En-

73 857 75 867 ⁴
196 927 203 938 .
263 883 288 930 .“
312 910 323 928 ··
372 865 584 932 semitonios
603 875 727 944 qurum
746 863 788 925 ias
807 873 957 946 presentes
977 863 1077 928 lenens
1096 881 1186 924 vernn
1205 864 1238 924 ni
1258 866 1359 926 odran
1431 885 1432 912 1

373 961 458 1024 Seius
479 959 613 1031 (sisenes.
660 957 756 1020 Sebes
784 977 842 1037 qne
866 977 921 1018 nos
945 956 1160 1018 considerando
1185 957 1230 1018 ins
1255 957 1360 1017 honos

351 1087 354 1096 ·
372 1075 392 1136 y
409 1051 561 1137 agrerbies
579 1050 714 1112 servities
734 1071 792 1132 que
816 1041 972 1114 ei'nnssro
991 1050 1095 1112 nmsdo
1113 1049 1276 1112 Gniiielrno
1294 1052 1360 1110 Ar·
1431 1051 1432 1054 ’

271 1193 275 1205 .
300 1177 317 1206 ,-
372 1148 439 1206 nain
458 1147 494 1208 de
513 1145 663 1222 Belennee
689 1143 829 1206 escndern
849 1163 865 1204 r
884 1142 973 1204 iecho
992 1143 1008 1204 i
1028 1153 1145 1203 nostros
1164 1143 1358 1223 predecesso-

273 1251 280 1288 ·-
310 1273 315 1282 ·
372 1257 420 1300 res
438 1261 458 1319 y
477 1240 494 1300 i
513 1258 568 1299 nos
587 1255 626 1299 en
646 1237 676 1298 Ιο
694 1237 806 1316 tiempn
831 1237 849 1298 i
872 1237 957 1298 venir
980 1235 1099 1296 abemus
1122 1235 1242 1317 dndny
1270 1249 1356 1297 otor-

310 1363 323 1372 ’·
373 1331 468 1416 geio,
496 1331 596 1394 danos
615 1351 635 1412 y
654 1340 824 1412 ntorgernns
852 1351 909 1412 por
933 1329 1077 1392 tenesne
1095 1328 1138 1390 ies
1157 1339 1307 1408 presentes
1328 1330 1357 1388 ia

142 1439 144 1446 “
253 1445 259 1465 s
374 1435 484 1486 mestas
508 1423 557 1484 dei
580 1423 693 1489 molino
720 1424 756 1484 de
781 1423 966 1506 Beateguiy
995 1414 1159 1482 indiam
1183 1421 1356 1482 delenita
1431 1449 1432 1452 ¹

325 1535 327 1542 ·
371 1527 481 1578 merent
499 1516 547 1577 del
567 1515 654 1577 dicho
674 1515 787 1577 molino
808 1535 866 1578 con
885 1515 1043 1594 einqnnntn
1061 1535 1081 1595 y
1102 1514 1214 1594 quadro
1236 1515 1354 1576 sneidns

370 1609 518 1672 morlrnes
537 1609 585 1670 del
606 1629 779 1691 cermanrge
797 1608 813 1668 i
833 1625 887 1673 nos
907 1607 1015 1668 deuido
1036 1627 1074 1672 en
1096 1606 1124 1666 ln
1143 1607 1212 1668 vilis
1232 1608 1266 1668 de
1284 1619 1352 1668 sent
1431 1615 1432 1630 ¹

186 1688 190 1696 ’
253 1755 255 1763 s
310 1703 464 1785 „Pelsy
486 1703 516 1764 nl
541 1702 588 1764 dir
614 1702 651 1764 de
676 1699 858 1776 Quasimodn
882 1699 898 1759 i
923 1710 1008 1762 tener
1032 1699 1102 1760 sodn
1125 1721 1159 1760 su
1177 1699 1243 1760 vida
1264 1719 1286 1781 y
1309 1719 1351 1759 no
1431 1757 1432 1762 ,

371 1816 432 1858 mas
449 1815 496 1857 ¹ers
519 1813 637 1856 manera
663 1813 721 1873 qne
746 1793 781 1854 ds
805 1792 855 1878 qui
885 1791 1002 1853 adeleni
1025 1793 1093 1874 eylir
1114 1813 1165 1856 sea
1186 1793 1290 1853 tenidn
1313 1792 1351 1851 de

271 1927 275 1940 ·
304 1894 307 1902 ’
372 1908 427 1950 nos
452 1890 547 1950 sernir
571 1888 600 1949 ei
624 1887 727 1950 mismo
746 1895 809 1946 ‘con
834 1906 873 1946 un
895 1885 997 1948 ombre
1017 1885 1196 1947 deiinvniio
1216 1886 1285 1946 bien
1304 1907 1353 1946 rr-

356 1980 457 2042 ·mrdo
477 2001 535 2061 por
554 1978 671 2065 espenio
692 1979 728 2040 de
749 1990 910 2059 quoerantn
930 1979 991 2040 dias
1010 1978 1160 2040 ensemble
1180 1999 1200 2040 ο
1219 1999 1276 2060 pos
1286 2025 1351 2040 .....

371 2073 454 2134 isus
472 2073 606 2152 proprias
620 2071 737 2134 messinis
757 2095 777 2153 y
796 2091 933 2152 expensas
959 2072 975 2131 i
995 2071 1161 2132 defiensinn
1182 2073 1229 2142 de]
1248 2084 1351 2133 nostro

372 2165 479 2248 Regno
500 2165 607 2226 dentre
626 2164 675 2226 del
693 2165 780 2226 dicho
800 2165 908 2248 Regno
928 2185 947 2226 ο
967 2165 1003 2228 de
1020 2165 1103 2226 iners
1118 2185 1222 2228 ....en
1238 2166 1351 2246 tiempn

295 2304 309 2329 ,.
345 2257 409 2318 .de
424 2277 533 2340 guerre
552 2279 571 2320 ο
592 2257 629 2320 de
648 2277 703 2338 pez
723 2278 761 2318 en
780 2255 867 2320 vissae
887 2257 922 2318 de
930 2299 1011 2318 ......
1022 2277 1042 2318 ο
1059 2277 1096 2319 en
1117 2259 1347 2341 csueignndasy
1431 2329 1432 2340 χ

308 2361 312 2368 ’
372 2370 411 2412 en
430 2352 504 2414 indo
524 2363 592 2414 otro
613 2371 680 2413 caso
701 2350 871 2430 qualquiere
888 2393 955 2410 .....
970 2371 1026 2430 por
1046 2349 1074 2412 el
1093 2371 1154 2430 qno
1174 2352 1202 2412 sl
1220 2371 1275 2431 por
1292 2372 1350 2412 nos
1431 2357 1432 2374 i

371 2461 391 2504 ο
410 2455 513 2505 nostro
533 2444 670 2528 lognrteh
688 2463 746 2523 por
764 2453 867 2504 nostro
887 2443 1075 2526 gonernadnr
1094 2464 1114 2504 ο
1138 2465 1196 2524 por
1221 2457 1288 2506 ntro
1312 2445 1350 2506 de

370 2545 474 2596 nostro
498 2536 716 2596 mendamiento
740 2535 762 2595 li
785 2557 849 2598 sera
872 2535 1016 2597 mnndadn
1042 2557 1061 2616 y
1090 2535 1114 2598 si
1142 2557 1203 2600 mas
1222 2537 1349 2599 ndeilant

274 2629 276 2647 '
370 2627 418 2688 del
442 2626 529 2689 dicho
553 2629 666 2710 tiempo
691 2628 856 2709 quesiemos
880 2650 914 2689 su
937 2627 1057 2690 seruitio
1082 2650 1136 2690 nos
1160 2630 1182 2689 li
1206 2631 1348 2692 dariemos
1431 2675 1432 2696 2

369 2721 443 2780 tales
460 2764 540 2780 ......
553 2743 610 2801 que
630 2723 646 2781 i
666 2722 710 2781 los
731 2733 813 2782 otrus
831 2721 955 2800 fidaigos
974 2721 1023 2780 del
1041 2722 1144 2804 Regno
1164 2722 1216 2800 qui
1235 2743 1348 2804 semey·

360 2810 435 2869 labe
445 2812 566 2869 seruitio
579 2831 633 2869 nos
652 2812 745 2870 inrisu
763 2851 842 2870 ......
856 2810 1016 2874 Guilieimo
1035 2815 1098 2876 Διά
1116 2825 1210 2876 metes
1228 2838 1249 2896 y
1266 2828 1347 2878 tener
1431 2855 1432 2880 i

370 2899 399 2960 el
424 2899 512 2962 dicho
538 2899 651 2962 molino
675 2925 695 2985 y
713 2925 760 2964 sus
779 2925 877 2984 preses
897 2926 934 2966 en
955 2907 1055 2968 essado
1076 2908 1183 2968 denisio
1197 2921 1251 2969 ete.
1263 2953 1344 2969 .........
1431 2893 1432 2938 ³

240 3008 244 3018 “
318 3049 324 3056 .
369 2992 456 3054 obrns
481 2983 539 3074 (jue
564 2995 580 3054 i
607 3003 661 3056 n'os
685 3007 858 3077 pertenesne
883 2997 963 3059 inser
988 3019 1025 3060 en
1050 3002 1201 3082 aqneyilos
1223 3002 1343 3083 meyiln-

370 3088 464 3148 sendo
489 3110 509 3169 y
534 3107 573 3148 no
606 3091 775 3168 npeorrndo
806 3091 842 3152 de
866 3111 984 3152 manere
1011 3113 1068 3172 que
1093 3093 1203 3175 depnes
1221 3117 1266 3156 sus
1285 3096 1345 3156 dias
1431 3093 1432 3104 ’

367 3200 422 3242 nos
441 3180 567 3262 viengne
587 3197 624 3242 en
643 3193 693 3242 tnn
713 3183 775 3244 bon
801 3187 902 3246 estndo
927 3206 946 3246 ο
971 3187 1066 3266 mejor
1091 3206 1178 3248 corno
1203 3209 1291 3270 agorn
1315 3189 1346 3249 el

368 3272 455 3333 dicho
474 3273 589 3334 molino
596 3317 682 3338 .....
689 3275 767 3338 Pero
787 3278 877 3338 Senis
897 3279 934 3340 de
954 3277 1102 3361 Sanpelsy
1120 3301 1178 3361 por
1196 3283 1291 3362 pretio
1310 3284 1346 3344 de

365 3365 466 3424 vienne
484 3364 573 3426 libras
593 3368 733 3449 crdnyfin.
771 3371 900 3450 Empeso
925 3393 965 3432 no
985 3373 1038 3431 iira
1062 3372 1215 3435 intencion
1239 3395 1343 3455 esque

369 3475 425 3533 por
445 3469 506 3517 este
525 3459 650 3520 seruicio
671 3469 728 3540 que
746 3464 848 3524 tenido
868 3481 922 3526 nos
943 3485 973 3526 es
993 3465 1029 3526 de
1053 3465 1134 3526 saner
1159 3487 1196 3528 en
1221 3469 1344 3549 especial

369 3546 436 3628 eyih
455 3569 475 3628 y
494 3548 538 3608 ios
553 3561 643 3612 'utros
660 3553 782 3635 fidalgos
800 3557 835 3616 de
849 3567 951 3618 nostro
968 3557 1074 3639 Regno
1095 3579 1133 3618 en
1152 3560 1273 3640 general
1292 3581 1343 3622 nos

367 3659 422 3700 son
446 3642 562 3704 tenidos
586 3645 622 3706 de
646 3645 722 3708 isser
741 3650 811 3710 enda
830 3669 888 3728 que
908 3651 935 3711 el
955 3671 1022 3712 casn
1041 3651 1181 3712 eueniere
1207 3651 1224 3712 e
1249 3654 1344 3734 sipon

367 3745 509 3796 euentura
532 3738 666 3798 contenis
699 3759 755 3818 que
785 3742 813 3800 ei
840 3743 928 3804 dicho
959 3743 1088 3804 Guiliem
1119 3745 1215 3808 ouisse
1246 3747 1342 3828 defay-

205 3853 208 3860 ·
331 3876 333 3884 ,
368 3821 440 3886 liido
466 3829 502 3888 de
529 3830 606 3892 inser
638 3832 678 3892 las
708 3851 789 3894 enses
812 3834 900 3895 sobre
926 3836 1015 3896 dictas
1042 3857 1061 3896 ο
1085 3837 1343 3916 menospretiando

318 3917 320 3924 ‘
367 3916 413 3978 los
432 3931 549 3983 nostros
572 3923 802 3987 mendnmientos
826 3929 862 3988 de
881 3939 984 3988 nostro
1003 3928 1203 4010 lognrtenient
1222 3929 1269 3991 del
1289 3951 1343 3990 no-

237 4019 239 4026 '
366 4021 428 4072 stro
448 4010 675 4094 gobernndoro
700 4029 768 4079 otro
792 4020 828 4080 de
853 4033 954 4082 nostro
978 4023 1196 4084 mandamiento
1220 4035 1342 4084 intrasse

368 4125 447 4166 ono
467 4104 604 4184 qnisiesse
623 4111 790 4190 compleret
812 4103 961 4194 ‘aqueynas
984 4137 1003 4194 y
1029 4115 1121 4176 servir
1144 4135 1232 4176 corno
1258 4117 1341 4177 dicho

367 4218 397 4258 es
422 4219 575 4277 queremus
599 4221 618 4280 y
648 4223 701 4264 nos
728 4204 793 4284 plaz
826 4227 882 4285 que
908 4218 1007 4268 nostre
1034 4218 1171 4286 presente
1198 4209 1339 4269 donacion

367 4310 408 4350 no
428 4289 455 4352 le
475 4293 594 4374 vulgus,
623 4314 683 4354 snas
702 4297 723 4382 ΙΙί
741 4316 789 4358 sea
809 4300 900 4362 tireds
921 4301 1076 4377 delendo,
1101 4324 1119 4381 y
1144 4312 1231 4362 inrue
1252 4302 1268 4360 i
1287 4321 1339 4360 nn-

334 4391 336 4396 ’
368 4392 426 4444 stra
444 4405 547 4461 masso,
573 4409 592 4468 y
613 4389 754 4469 desagora
773 4411 829 4469 por
849 4404 956 4454 ensonz
977 4414 1033 4472 por
1051 4405 1138 4456 tenor
1157 4395 1194 4456 de
1207 4394 1258 4474 'les
1277 4415 1340 4474 pre·
