2908 5094
83 586 115 634 et
140 574 266 661 istius'a
294 571 378 635 vobis
407 571 583 652 redemptae,
601 571 775 634 Provinciae
805 572 1007 634 defensionem
1037 576 1230 655 perficere-»-

80 667 217 742 iubeatis,
236 679 269 748 ut
287 667 449 747 perfectam
468 665 778 734 remunerationem
804 665 881 726 iusto
909 661 1010 731 Iudice
1034 668 1101 729 Deo
1122 690 1179 730 no-

82 773 160 834 stro,
196 761 399 822 intercedente
431 759 492 823 eius
521 757 657 838 principe
687 751 898 838 Apostolorum
927 761 963 819 B.
988 761 1094 840 Petro,
1131 784 1178 822 su-

80 851 227 932 scipiatis.'
690 917 693 923 ,

67 977 77 994 ·
139 945 327 1006 Praesentem
347 946 446 1024 itaque
467 955 596 1003 nostram
617 941 849 1005 exhortationem
869 957 955 1026 atque
967 947 1200 1007 adiurationem

81 1039 114 1097 in
137 1037 336 1100 Confessione
355 1039 389 1096 B.
409 1035 490 1096 Petri
508 1037 670 1125 ponentes,
702 1049 732 1096 et
758 1039 926 1098 sacrificium
945 1062 1033 1122 super
1052 1061 1116 1100 eam
1136 1051 1181 1120 at7
1207 1058 1216 1077 ⁸

81 1153 139 1211 que
159 1133 269 1193 hostias
287 1133 355 1190 Deo
375 1141 477 1189 nostro
498 1129 669 1206 offerentes,
689 1129 773 1190 vobis
794 1152 859 1190 cum
874 1133 1008 1214 lacrymis
1026 1156 1059 1196 ex
1079 1135 1180 1196 eadem

80 1246 162 1286 sacra
189 1224 385 1293 Confessione
411 1222 573 1282 direximus.
620 1225 661 1282 Et
684 1223 707 1298 si
733 1223 812 1302 quis,
843 1227 923 1304 quod
951 1248 1012 1286 nou
1037 1239 1194 1310 optamus„

80 1329 187 1379 contra
203 1317 371 1378 huiusmodi
389 1327 507 1377 nostrae
527 1315 715 1382 adiurationis
736 1327 825 1395 atque
846 1317 1056 1378 exhortationis
1076 1323 1180 1381 seriem

83 1430 174 1492 agere
200 1413 440 1491 praesumpserit,
469 1411 541 1472 sciat
565 1431 596 1471 se
623 1390 797 1469 auctoritatei
825 1409 938 1469 domini
963 1411 1021 1470 mei
1044 1412 1078 1470 B.
1097 1412 1181 1494 Petpi

79 1503 292 1584 Apostolorum
312 1505 453 1585 principis
473 1502 663 1564 anathematis
682 1501 799 1562 vinculo
821 1523 882 1562 esse
902 1503 1091 1578 innodatum,
1116 1517 1181 1566 eta

81 1617 175 1678 regno
195 1599 255 1659 Dei
275 1598 413 1674 alienum,
433 1611 521 1677 atque
542 1619 607 1658 cum
628 1593 748 1674 diabolo
770 1607 800 1655 et
820 1587 879 1656 eius
891 1589 1076 1656 atrbcissimis
1096 1619 1181 1679 porn-

82 1691 127 1770 pis
148 1703 178 1751 et
197 1677 301 1752 celeris
321 1691 428 1772 impiis,
445 1691 570 1750 aeternis
582 1689 728 1776 incendiis
739 1691 984 1766 concremandum
1003 1690 1181 1770 deputatum.

7 1861 8 1866 ἵ
80 1785 122 1842 At
140 1805 212 1844 vero
233 1783 284 1863 qui
305 1784 478 1845 observator
498 1796 528 1844 et
548 1795 643 1843 custos
663 1782 744 1842 istius
764 1793 882 1842 nostrae
904 1783 1112 1846 exhortationis
1133 1807 1181 1846 ex-

78 1876 199 1952 stiterit,
219 1877 390 1938 caelestibus
415 1875 672 1938 benedictionibus
698 1895 713 1932 a
738 1871 869 1935 Domino
890 1876 957 1935 Deo
985 1890 1088 1946 nostro
1112 1878 1180 1938 illu-

7 2029 11 2034 ,
68 1981 203 2042 stratus,
225 1971 354 2032 aeternis
379 1969 577 2048 praemiorum
607 1967 717 2048 gaudiis
749 1990 814 2028 cum
846 1969 981 2030 omnibus
1012 1970 1126 2030 Sanctis
1152 1983 1206 2036 et¹

77 2061 193 2121 Electis
212 2060 282 2134 Dei,
301 2061 448 2140 particeps
473 2059 551 2118 effici
569 2071 724 2119 mereatur.
767 2062 950 2142 Incolumem
973 2059 1182 2126 Excetten'u'an
1210 2089 1212 2102 ¹

78 2167 207 2218 vestram
226 2153 321 2236 gratia
340 2173 468 2233 superna
488 2151 639 2212 custodiat.

533 2397 734 2407 ———-——

583 2581 690 2680 xxx.
745 2673 749 2690 .

150 2736 253 2792 nort
272 2734 349 2792 eur
368 2737 440 2792 ster·
455 2737 561 2804 sagn
583 2743 703 2796 unser
720 2737 860 2794 selmon
876 2735 1061 2792 Rtnderra
1073 2737 1113 2808 ¹).

77 2820 246 2893 (Angilberti
265 2819 395 2886 Carmen,
420 2823 479 2878 Lib.
496 2822 546 2885 ΙΙΙ,
569 2822 880 2886 v.137-266.·Peru,
906 2821 939 2883 ΙΙ,
956 2842 982 2892 p.
999 2823 1181 2894 395-398·)

218 2956 279 3008 Non
297 2958 391 3026 procul
409 2958 505 3009 excelsa
521 2977 612 3010 nemus
631 2973 666 3010 est
684 2963 709 3009 et
726 2977 835 3010 amoena
852 2958 939 3020 vireta,

206 3042 304 3094 Lucus
322 3043 355 3092 ab
373 3044 437 3094 urbe
448 3040 494 3106 Ι),
508 3041 602 3108 virens,
621 3057 646 3094 et
662 3056 734 3111 prata
752 3041 862 3093 recentia
880 3041 937 3092 rivis

221 3125 327 3178 Obtinet
344 3127 372 3177 in
390 3127 491 3188 medio,
508 3126 595 3194 multis
613 3125 754 3184 circumsita
772 3117 880 3201 mallio.

129 3212 179 3267 140
219 3209 274 3262 ttic'
287 3231 389 3262 amnem
407 3212 593 3264 circumvolitat
610 3232 689 3278 genus
707 3195 784 3262 omne
803 3210 952 3273 volucrum

220 3293 251 3344 In
269 3294 329 3363 ripis
346 3295 456 3347 resident
473 3295 594 3346 rimantes
615 3314 710 3363 pascua
728 3295 829 3354 nostris,
919 3344 922 3350 ,

221 3377 297 3428 Nune
313 3377 406 3445 procul
422 3375 450 3427 in
466 3378 554 3429 medio
571 3387 746 3439 summergunt
762 3371 868 3424 flumine
884 3393 944 3436 sese,

178 3491 181 3495 ·
220 3463 297 3514 Nunc
318 3479 422 3530 quoque
439 3457 573 3529 praecipiti
589 3469 731 3528 properant
748 3459 781 3510 ad
799 3455 884 3509 littor‘a
902 3479 984 3511 cursu.

220 3545 328 3613 Hosqne
344 3558 415 3597 toros
431 3545 499 3598 iuxta
517 3561 651 3596 cervorum
668 3541 781 3612 pascitur
799 3561 889 3607 agmen
931 3549 936 3556 '

128 3630 178 3685 145
218 3629 342 3699 Riparum
360 3629 388 3680 in
405 3631 496 3694 longa,
512 3649 560 3698 per
577 3647 736 3697 amoenaque
753 3647 860 3696 pascua,
877 3629 950 3681 valle

221 3715 280 3766 Huc
298 3714 359 3765 illuc
376 3713 468 3766 timido
487 3712 604 3766 discurrit
622 3713 725 3764 damula
743 3729 834 3776 gressu,
909 3717 916 3722 '

220 3799 328 3852 Fronde
345 3811 438 3852 retecta
455 3812 540 3860 vacat,
559 3797 651 3868 passim
668 3817 746 3862 genus
764 3814 841 3848 omne
858 3796 970 3848 serarum

220 3881 266 3936 llis
283 3884 344 3934 latet
359 3882 386 3934 in
404 3882 478 3934 silvis.
513 3877 615 3934 Etenim
634 3897 741 3931 nemora
759 3879 825 3930 inter
843 3897 925 3948 opaca

220 3966 270 4028 Hie
288 3981 361 4036 pater
379 3965 478 4020 assidue
496 3965 613 4028 Carolus,
629 3962 782 4015 venerabilis
800 3963 883 4028 heroe,

129 4051 181 4104 150
220 4051 344 4103 Exeruere
361 4052 425 4103 solet
442 4065 526 4116 gratos
543 4071 591 4120 per
608 4048 721 4116 gramina
739 4049 822 4112 ludos,

174 4121 177 4130 Ι
222 4139 305 4206 Atque
323 4134 417 4200 agitare
432 4137 498 4188 seras
517 4135 622 4188 canibus
638 4133 803 4202 tremulisque
819 4134 919 4198 sagittis,

134 4235 139 4240 ·
178 4207 187 4215 .
222 4221 342 4272 Sternere
360 4218 517 4284 cornigeram
535 4220 660 4287 nigraque
676 4219 724 4270 sub
742 4220 836 4271 arbore
852 4221 961 4272 turbam.

48 4375 52 4381 ι
81 4345 287 4366 ,....,.-...

128 4414 149 4466 ¹)
167 4413 202 4456 Zu
216 4401 279 4468 kap.
294 4406 358 4454 tux.
377 4431 401 4443 -
419 4409 442 4460 ²)
459 4407 559 4452 hachen.
