2908 5094
523 503 533 538 ,
590 445 689 526 lta.
790 438 802 470 *

21 661 22 668 ,
73 611 202 720 quando
220 628 273 672 vos
291 628 405 691 nosque
424 607 456 668 in
475 609 602 670 hostem
599 608 774 692 pergimus,
803 609 861 691 ipsi
885 611 1013 694 piopriis
1037 612 1185 676 resideant
1225 673 1233 684 ,

73 705 107 766 in
127 704 288 786 parochiis,
306 703 436 782 Deoque
454 701 584 764 fideliter
602 693 734 764 famulari
753 704 900 780 studeant,
919 715 951 766 et
972 725 1075 766 eorum
1100 727 1185 770 sacro

74 810 179 860 saneta
199 797 362 860 ministeria
382 795 527 857 canonice
547 807 579 856 et
595 795 668 856 Deo
686 795 793 876 placite
814 818 959 882 peragere
978 809 1122 880 satagant,
1140 813 1187 862 at-

74 910 134 971 que
152 911 214 972 pro
233 892 320 955 vobis
340 901 373 950 et
391 899 499 950 cuncto
520 887 649 950 exercitu
667 897 780 964 vestro,
803 913 861 954 uua
885 913 952 954 eum
973 892 1111 958 omnibus
1130 895 1187 956 sibi

72 986 256 1062 commissis,
282 1003 370 1046 orare
394 981 533 1058 viriliter,
561 982 724 1061 Missasque
744 994 879 1062 cantare,
906 995 938 1048 et
955 985 1079 1050 letanias
1099 979 1188 1067 atque

71 1077 282 1162 eleemosynas
300 1077 398 1138 lacere
418 1074 579 1136 decertent.
619 1075 774 1152 Quosdam
794 1078 872 1138 enim
891 1097 926 1140 ex
944 1080 986 1142 eis
1004 1079 1036 1142 ia
1054 1079 1188 1143 hortibus

71 1182 103 1232 et
122 1172 251 1254 praeliis
268 1171 435 1234 vulneratos
464 1169 603 1246 vidimus,
631 1179 666 1229 et
691 1169 833 1249 quosdam
857 1172 965 1251 perisse
984 1174 1188 1256 cognovimus.

72 1266 163 1328 Haec
182 1285 258 1328 vero
277 1261 362 1326 valde
381 1263 558 1346 periculosa,
576 1275 608 1324 et
626 1261 740 1344 oppido
759 1273 830 1324 suut
849 1266 986 1330 cavenda.
1034 1269 1121 1342 Quae
1140 1268 1189 1328 id.

72 1359 162 1420 circo
192 1358 392 1442 suggerimus,
422 1377 460 1418 ne
485 1377 543 1438 pro
568 1356 677 1418 talibus
701 1377 754 1418 vos
779 1367 811 1417 et
834 1375 891 1416 nos
915 1353 1001 1416 simul
1024 1379 1188 1440 pereamus.

72 1450 176 1512 Novit
194 1451 356 1526 Dominus,
380 1451 500 1531 quando
526 1471 578 1512 eoa
603 1451 635 1510 in
659 1447 767 1510 talibus
791 1449 940 1525 videmus,
964 1459 1062 1510 terror
1081 1473 1188 1534 appre.

73 1542 186 1604 bendit
205 1563 270 1621 nos,
291 1556 321 1606 et
341 1544 459 1625 quidam
484 1563 518 1606 ex
532 1541 652 1604 'nostris
675 1543 782 1604 timore
807 1543 959 1624 perterriti
982 1556 1108 1625 propter
1131 1546 1190 1608 boc

75 1636 188 1720 lugere
213 1648 245 1698 ιι
270 1631 396 1698 inimicis
418 1649 504 1719 terga
529 1649 646 1699 vertere
670 1636 779 1698 solent.
827 1637 932 1700 Plures
957 1639 1037 1699 enim
1066 1640 1191 1719 potestis

73 1730 194 1792 babere
211 1730 420 1811 praeliatores,
447 1730 473 1790 si
497 1729 541 1790 illi
560 1730 689 1812 propriis
708 1731 840 1792 resident
858 1731 890 1793 in
909 1731 1075 1812 parochiis,
1104 1752 1192 1812 quam

77 1824 102 1884 si
121 1824 281 1888 vobiscum
306 1835 452 1909 pergunt;
477 1821 629 1904 quoniam'
643 1823 688 1884 illi
702 1825 764 1904 ‚qui
788 1845 841 1886 eos
864 1825 1054 1906 praesident,
1088 1841 1192 1886 omnes
1312 1873 1317 1882 .

73 1929 149 1980 tunc
169 1918 361 2000 pugnabunt:
386 1917 583 1998 quodmodo
610 1937 795 1998 nequaquam
820 1917 949 1996 iaciunt,
972 1921 1026 1982 sed
1051 1939 1103 1982 eos
1122 1931 1191 1981 tan-

73 2013 237 2072 tummodo
257 2011 434 2072 custodiunt
472 2011 590 2070 Nam
567 2031 630 2071 stne
643 2011 733 2072 dubio
734 2011 845 2120 ..potius
857 2010 942 2074 robis
955 2009 1102 2094 nobisque
1117 2033 1192 2094 pro·

74 2105 171 2166 ficere
193 2113 328 2202 possunt,
347 2104 372 2164 si
390 2103 594 2179 remanserint,
613 2124 700 2184 quam
718 2105 743 2164 si
760 2106 792 2164 in
811 2106 927 2168 bostem
943 2106 1005 2170 vel
1011 2106 1049 2168 ad
1060 2127 1191 2190 pugnam

75 2181 282 2278 perrexerin't;
302 2197 370 2278 quia
388 2209 462 2258 ιιιιιι
482 2215 586 2256 eorum
604 2196 741 2276 precibus
760 2197 943 2274 adiuvamur,
968 2210 1000 2260 et
1024 2200 1116 2262 modo
1136 2221 1192 2262 eo-

75 2311 144 2350 rum
164 2291 308 2371 pressuris
327 2311 492 2375 mavemur.
533 2287 665 2364 Quando
684 2299 758 2350 vero
776 2289 895 2369 Moyses
912 2291 1044 2370 expansis
1063 2294 1101 2354 ad
1120 2313 1193 2354 coe-

77 2383 144 2442 lum
163 2385 300 2445 manibus
318 2383 433 2460 orabat,
451 2381 591 2446 vincebat
602 2381 716 2455 Israel;
731 2393 772 2444 ct
798 2381 917 2462 quando
937 2402 955 2442 a
973 2382 1110 2462 precibus
1130 2403 1195 2446 ees-
1315 2379 1318 2390 '

50 2487 54 2500 '
77 2475 180 2552 sabat,
199 2487 230 2537 et
248 2495 349 2538 manus
369 2476 432 2538 eius
458 2475 670 2560 gravabantur,
699 2477 870 2558 priusquam
888 2485 1070 2541 sustentatae
1088 2475 1195 2538 fierent

79 2579 112 2628 et
130 2569 198 2650 ipse
217 2565 356 2654 precibus
374 2568 532 2645 insisteret,
550 2569 725 2630 vincebatur
743 2581 775 2630 et
792 2580 878 2652 terga
895 2569 1040 2632 vertebat.
1069 2569 1193 2633 Talibus

81 2684 157 2747 ergo
178 2675 211 2726 et
227 2663 326 2725 multis
344 2663 408 2732 aliis
428 2662 568 2743 exemplis
586 2663 669 2740 fulti,
698 2684 825 2743 quorum
852 2663 1051 2744 prolixitatem
1069 2663 1194 2728 vinacea
1256 2699 1263 2712 ι

82 2759 176 2820 modo
197 2779 260 2820 non
280 2757 413 2833 dicimus,
432 2757 501 2838 quia
519 2755 646 2837 sapienti
664 2756 754 2818 semel
774 2756 852 2818 dieta
865 2757 1016 2820 sufiiciunt
1033 2757 1196 2839 praedicta,

83 2849 195 2914 obnixe
214 2871 317 2914 omnes
335 2871 501 2932 precamur,
519 2841 603 2912 et'nt
621 2851 824 2913 concedantur
837 2871 991 2935 rogamus3
1011 2850 1079 2934 quia
1097 2851 1195 2914 uulla-

84 2954 169 3008 tcnus
189 2945 325 3008 volumus
345 2944 492 3004 adsentire
511 2955 546 3004 ιιι
565 2944 719 3006 nobiscum
739 2945 777 3006 ad
795 2945 866 3006 talia
885 2955 1028 3028 pergant,
1050 2945 1108 3007 nisi
1133 2946 1194 3007 duo

85 3051 215 3102 austres
235 3039 313 3100 bene
334 3037 433 3115 docti,
452 3037 601 3099 electione
624 3037 764 3099 videlicet
781 3049 984 3114 caeterorum,
1013 3038 1052 3098 ad
1070 3036 1195 3098 benedi·

85 3130 218 3196 ctionem
244 3133 387 3210 dandam,
412 3143 443 3194 et
467 3133 505 3194 ad
528 3129 758 3212 periclitantium
781 3127 1057 3191 reconciliationem
1081 3128 1195 3190 iacien-

86 3224 168 3302 dam,
199 3247 316 3288 nevos
342 3238 374 3287 et
396 3247 453 3288 uos
471 3223 559 3288 simul
578 3243 645 3286 eum
664 3224 798 3305 pluribus
816 3241 987 3304 pereamus,
1015 3221 1068 3280 sed
1092 3238 1196 3282 eorum
1291 3224 1294 3233 “

86 3319 243 3398 precibus,
266 3330 302 3379 ιιι
324 3319 382 3380 iam
401 3331 596 3381 memoratum
615 3329 675 3394 est,
698 3315 863 3376 fulciamur.
903 3314 1003 3388 Quam
1021 3311 1147 3372 formam
1166 3324 1197 3374 et

87 3410 123 3473 de
143 3410 360 3474 Sacerdotibus
378 3423 483 3472 tenere
503 3422 655 3491 optamus,
682 3407 792 3484 idest,
820 3417 854 3467 ut
877 3426 933 3468 nec
957 3405 1002 3467 illi
1025 3405 1058 3467 in
1082 3408 1197 3470 bostem
1321 3433 1324 3446 ·

87 3505 140 3566 nisi
160 3506 242 3568 bene
262 3505 360 3582 docti,
389 3504 494 3586 stipsi
513 3502 661 3566 electione
686 3513 775 3582 atque
793 3501 986 3582 permissione
1005 3501 1197 3584 propriorum

89 3595 325 3682 Episcopomm3
344 3601 395 3680 qui
413 3610 513 3660 tamen
532 3596 605 3660 tales
624 3596 683 3658 sint
702 3597 740 3658 de
759 3617 885 3678 quorum
901 3595 1025 3657 scientia
1037 3607 1068 3658 et
1086 3596 1147 3659 vita
1166 3607 1198 3658 et

90 3693 318 3758 conversatione
344 3713 447 3755 omnes
471 3693 567 3756 securi
592 3713 655 3756 esse
682 3693 834 3774 possimm.
884 3688 963 3750 Illud
987 3697 1088 3754 ιιιιιιιι
1111 3688 1197 3753 vobis

93 3796 123 3845 et
141 3787 279 3850 omnibus
298 3785 374 3849 scire
394 3788 537 3869 cupimus,
556 3787 638 3868 quod
656 3807 720 3847 non
743 3796 904 3866 propterea
927 3784 1001 3844 baec
1020 3784 1146 3865 petimus
1163 3793 1199 3843 ut

95 3895 195 3942 eorum
214 3901 263 3943 ιιι
282 3891 334 3942 aut
352 3881 463 3963 aliquid
482 3903 517 3944 ex
535 3901 639 3944 eorum
657 3879 801 3962 pecuniis,
819 3877 876 3938 nisi
886 3877 955 3958 ipsis
966 3877 1078 3960 aliquid
1088 3885 1197 3961 sponte

96 3972 180 4035 nobis
199 3975 270 4036 dare
289 3976 451 4084 placuerit,
481 3987 515 4036 ιιι
534 3995 637 4036 eorum
656 3973 803 4035 Ecclesiae
822 3971 934 4034 viduari
953 3973 1120 4054 cupiamus,
1144 3966 1198 4028 sed

96 4068 185 4174 magis
205 4069 258 4146 eis,
275 4091 301 4130 ιι
291 4069 466 4131 Dominus
488 4089 576 4150 posse
596 4066 726 4144 dederit,
749 4085 857 4150 augere
877 4066 1089 4136 desideramus,
1114 4069 1198 4120 utet

97 4154 152 4236 ipsi
171 4175 202 4224 et
219 4183 273 4227 vos
292 4173 324 4224 et
341 4183 397 4224 nos
415 4162 596 4226 salviores
573 4181 679 4237 samus,
709 4173 739 4222 et
757 4161 827 4223 Deo
851 4161 950 4241 potius
974 4161 1039 4238 ipso
1064 4150 1198 4213 ammini-

97 4252 211 4318 culante
229 4256 349 4338 placere
367 4276 540 4317 mereamur.
578 4255 693 4316 Scimus
712 4253 792 4315 enim
811 4273 858 4316 res
876 4251 1027 4315 Ecclesiae
1045 4247 1115 4308 Deo
1134 4265 1198 4308 esse

99 4359 231 4426 sacratas,
248 4349 355 4412 scimus
375 4370 426 4412 eas
443 4369 506 4410 esse
525 4348 691 4412 oblationes
709 4348 841 4410 bdelium
852 4358 883 4408 et
894 4344 1197 4427 pretiapeecatorum.

101 4433 290 4525 Quapropter
300 4444 332 4506 'si
352 4443 417 4525 quis
437 4463 485 4507 eas
504 4439 542 4505 ab
561 4443 718 4522 Ecclesiis,
741 4441 847 4523 quibus
873 4459 891 4500 a
915 4434 1050 4501 fidelibus
1070 4433 1198 4498 collatae
