2960 5094
740 401 866 501 'ta

283 595 369 662 stete,
388 593 552 663 receptent
565 580 704 646 noctibus
712 597 815 642 recum·
826 579 996 656 detinuerit,
1014 580 1071 642 nisi
1081 580 1121 642 ad
1130 581 1393 662 praetreundum,

282 689 416 740 nostrum
442 677 572 736 bannum
596 674 700 738 solvat
744 674 887 736 Similiter
909 675 934 736 si
960 674 1069 736 Comes
1095 695 1163 736 eum
1189 675 1392 753 absconderit,

283 784 314 836 et
333 773 370 836 ad
385 769 528 840 iustitiam
544 767 710 844 faciendam
729 779 898 851 prasentare
917 767 1058 844 uoluerit,
1077 779 1109 830 et
1127 769 1391 840 attererentur

282 885 346 929 aon
366 874 477 945 potest,
496 862 642 936 bonorem
660 882 745 926 suum
761 863 887 942 perdat.

305 958 453 1024 :XXV
470 956 519 1024 Ite
545 956 686 1065 piguore,
718 967 751 1016 ut
772 955 949 1022 nullatenus
979 953 1103 1020 alterum
1128 955 1234 1037 aliquis
1257 955 1392 1039 pignore

154 1068 158 1074 '
283 1062 458 1134 praesumat.
479 1051 537 1112 Et
557 1071 607 1130 qur
599 1050 683 1111 'boo
701 1047 816 1125 feccrit,
835 1047 965 1111 bannum
983 1050 1141 1128 persolvet.

326 1145 449 1204 uxvl.
479 1145 524 1203 Ut
542 1142 614 1203 nulli
634 1142 785 1204 bominum
805 1140 1053 1204 contradicere'
1025 1165 1103 1208 mam
1121 1145 1224 1206 adnot
1236 1141 1390 1216 veniendo

279 1261 337 1322 pro
357 1239 466 1305 iustitia
485 1235 663 1301 redamandi
682 1235 786 1315 aliquis
811 1246 986 1316 praesumat.
1029 1237 1117 1299 Et
1093 1259 1118 1300 ιι
1137 1237 1241 1319 aliquis
1261 1236 1318 1298 boc
1337 1235 1391 1296 fa-

280 1351 349 1397 cere
368 1331 529 1404 conaverit,
547 1340 686 1390 uestrum
701 1328 832 1390 bannum
851 1327 1008 1408 persolvat

335 1425 464 1486 XXVII.
501 1424 534 1484 Si
565 1422 630 1502 quis
655 1422 745 1484 bomo
768 1421 970 1490 fideiussorem
995 1421 1129 1492 invenire
1154 1443 1217 1488 non
1242 1423 1392 1504 potnerit,

277 1541 325 1581 res
344 1518 420 1578 illius
439 1519 471 1576 in
490 1514 640 1576 forbanno
660 1516 814 1576 mittantur
832 1535 924 1594 usque
944 1516 1015 1576 dum
1030 1515 1231 1584 fideiussorem
1242 1536 1391 1596 praesen-

276 1624 329 1674 tet.
347 1671 353 1681 ,
368 1611 403 1674 Si
428 1627 501 1673 vero
521 1630 610 1690 super
630 1608 760 1670 bannum
780 1608 812 1671 in
833 1610 952 1673 domum
971 1629 1052 1670 suam
1070 1609 1183 1670 intrare
1201 1629 1390 1692 praesumse-

194 1700 200 1712 '
277 1691 331 1782 rit,
356 1716 407 1768 tut
425 1702 536 1766 solidos
556 1702 660 1766 ducem
680 1714 840 1764 autunum
862 1701 969 1764 berem
989 1723 1045 1783 pro
1067 1703 1274 1768 emendatione
1293 1701 1390 1783 ipsius

276 1797 368 1864 banni
388 1807 564 1875 componam
584 1807 615 1856 et
633 1795 755 1875 insuper
774 1796 854 1856 unde
875 1794 994 1858 debitor
1014 1795 1131 1872 exstitit,
1151 1797 1309 1876 persolvat.
1347 1795 1390 1858 Si

247 1967 251 1974 ,
275 1903 348 1954 tero
367 1888 525 1951 fideiussor
549 1889 629 1952 diem
654 1900 793 1952 statutum
812 1909 875 1952 noa
896 1887 1111 1964 observaverit,
1133 1900 1205 1952 tunc
1231 1893 1296 1968 ipse
1314 1899 1387 1950 tnn-

240 1968 246 1976 ’
274 1995 338 2047 tum
358 1982 608 2059 danmiincurrat,
628 1994 769 2062 quantem
787 2003 890 2046 manua
910 1981 1159 2073 suaflfideiussoris
1179 1981 1296 2042 exstitit.
1325 1981 1388 2042 nte

275 2087 373 2138 autem
399 2075 450 2156 qui
474 2075 594 2138 debitor
617 2076 782 2138 fideiussori
806 2077 933 2154 exstitit,
962 2075 1083 2160 duplum
1106 2075 1242 2142 recitarat
1265 2096 1320 2155 pro
1341 2095 1388 2138 eo
1459 2067 1466 2091 ⁸

276 2170 356 2250 quod
375 2169 578 2234 fideiussorem
597 2170 628 2230 in
648 2171 785 2232 damnum
805 2171 911 2232 cedere
931 2169 1073 2249 permisit.

331 2261 474 2326 XXVIII.
499 2263 560 2328 'De
579 2265 716 2346 praemiis
735 2277 766 2326 et
783 2261 968 2336 muneribus,
992 2270 1027 2322 ut
1044 2277 1167 2322 munera
1185 2282 1273 2342 super
1289 2260 1388 2322 intro-

274 2365 391 2424 centem
409 2355 507 2418 nullns
526 2358 658 2438 accipiat.
696 2357 780 2418 Etsi
799 2355 863 2435 quis
883 2354 941 2414 hoc
960 2353 1059 2414 facere
1078 2354 1300 2432 praesumserit,
1318 2375 1384 2414 uo-

272 2461 365 2510 strum
384 2451 514 2510 bannum
534 2450 636 2511 solvet
675 2449 768 2524 Etsi,
788 2449 869 2529 quod
888 2445 974 2524 absit,
994 2440 1199 2510 forte'Gornea
1219 2449 1278 2510 hoc
1296 2447 1385 2512 iece-
1475 2513 1476 2519 ,

273 2544 324 2618 rit,
343 2543 490 2606 bonorem
509 2563 592 2604 suum
611 2541 725 2620 perdat.
1471 2526 1477 2635 p

328 2635 439 2700 XXIX.
485 2636 528 2694 Ut
550 2633 678 2696 universi
700 2633 832 2696 Comites
858 2655 961 2715 pacem
982 2646 1013 2698 et
1032 2637 1224 2700 cofltordiam
1243 2635 1280 2698 ad
1300 2634 1382 2696 invI·
1472 2639 1477 2676 ι

274 2743 343 2794 ce'm
358 2727 471 2792 babere
490 2727 638 2790 studeant.
675 2728 758 2790 Et'
735 2751 760 2790 ιι
779 2728 888 2790 torte
878 2739 957 2790 mter
976 2750 1028 2790 eos
1047 2730 1147 2810 aliqua
1165 2729 1312 2794 discordia
1327 2739 1383 2792 aut
1476 2749 1477 2754 ¹

242 2821 462 2926 ,conturbium
482 2832 580 2882 ortum
599 2818 706 2895 suerit,
724 2831 759 2882 ut
776 2831 909 2884 nostrum
927 2823 1063 2886 solatium
1081 2825 1130 2888 vel
1142 2825 1309 2948 perfectum
1320 2843 1382 2902 pro

272 2913 332 2980 boc
348 2933 415 2976 non
435 2914 598 2979 demittant

329 3007 423 3068 XXX.
462 3009 497 3068 Si
517 3009 580 3089 quis
601 3008 739 3068 comitem
757 3009 955 3086 interfecerit,
979 3011 1029 3073 vel
1048 3012 1132 3071 dc
1105 3033 1168 3074 erus
1186 3024 1283 3074 morte
1302 3029 1381 3074 eon·
1447 3003 1452 3020 ’

272 3100 370 3170 tilium
389 3102 515 3178 dederit,
535 3101 680 3164 hereditas
699 3101 775 3164 itlius
797 3105 835 3164 ad
853 3114 967 3184 partem
977 3105 1068 3187 Regis
1088 3107 1214 3183 eveniat,
1233 3118 1264 3168 et
1281 3106 1313 3168 in
1330 3104 1380 3166 ius

272 3195 335 3258 eius
354 3197 514 3278 redigatur.

328 3291 438 3350 XXXI.
475 3287 618 3350 Dedimus
637 3298 814 3368 potestatem
825 3286 992 3351 Comitibus
1012 3289 1143 3352 bannum
1161 3293 1280 3354 mittere
1298 3290 1380 3354 inita

273 3400 328 3443 ruo
347 3382 512 3446 mirristerio
533 3384 570 3444 de
589 3381 667 3444 faida
685 3381 733 3442 vel
751 3382 913 3446 maioribus
932 3385 1025 3446 causis
1044 3385 1076 3446 in
1095 3385 1197 3448 solidis
1216 3385 1378 3466 sexaginta.

271 3473 322 3534 De
342 3473 507 3534 minoribus
532 3493 603 3535 vero
628 3475 722 3536 causis
743 3475 870 3538 Comitis
896 3475 1055 3538 bannum
1045 3500 1078 3540 ιιι
1096 3477 1197 3538 solidis
1217 3475 1379 3540 duodecin

272 3565 485 3628 constituimus.

327 3657 454 3718 XXXII
491 3659 526 3722 st
544 3658 667 3722 cuilibet
684 3659 799 3722 bomini
816 3673 1028 3726 sacramentum
1047 3662 1139 3724 debet
1156 3663 1277 3745 aliquis,
1295 3664 1378 3726 afra

272 3761 352 3812 meat
376 3752 459 3814 illum
484 3755 522 3816 ad
539 3751 702 3815 Ecclesiam
726 3767 908 3818 remanente
932 3757 970 3818 ad
989 3756 1067 3818 diem
1092 3767 1241 3838 statutum.
1284 3759 1376 3820 Ει
1350 3781 1379 3822 sr

272 3845 369 3906 iurare
388 3847 593 3924 contemserit,
618 3846 707 3908 fidem
726 3845 829 3926 faciat,
849 3859 880 3910 et
897 3850 1007 3914 solidos
1027 3851 1194 3930 quindecim
1213 3865 1379 3934 componat

272 3940 323 4024 qui
331 3939 474 4002 inactivus
484 3941 635 4020 apperuit,
655 3952 686 4002 et
695 3941 835 4022 deinceps
846 3945 1096 4025 causampleniter
1108 3945 1264 4008 emendare
1276 3945 1376 4008 saciat.

329 4034 470 4096 XXXIII.
507 4033 556 4096 De
574 4033 711 4115 periuris,
729 4036 889 4098 seeundum
909 4038 1007 4140 legem
1027 4039 1176 4102 Saxonum
1194 4040 1232 4100 sit
1245 4041 1286 4118 ¹).

313 4171 335 4221 ¹)
350 4167 396 4226 Qui
410 4167 483 4214 edam
503 4167 672 4227 periurererit,
697 4169 773 4228 eapite
786 4171 905 4230 puniar.
927 4171 978 4217 tte.
992 4173 1025 4218 11.
1044 4171 1103 4231 cop.
1117 4171 1183 4219 vm.
1197 4187 1238 4232 ep.
1254 4171 1375 4219 Walter

270 4233 409 4361 irim,
423 4235 579 4358 13¹⁵&
579 4237 733 4348 tm*
705 4239 989 4362 ww
1002 4239 1374 4354 iiim

272 4365 412 4429 wrong..
428 4369 915 4418 numerumnunerum..
949 4371 1103 4432 emaque·
1079 4387 1185 4420 nme
1201 4373 1374 4434 maneque

272 4431 372 4484 hictu.
398 4435 960 4502 memuamstnvtaamgeteu
973 4441 1290 4493 mmmmm).
