2960 5094
84 593 251 654 aeternum,
277 591 307 640 et
334 565 523 638 condemnati
551 575 690 646 maneatis
716 577 748 638 iu
772 577 870 638 lutura
894 579 961 640 vita.
1005 578 1073 640 Vita
1099 581 1177 642 enim

23 683 26 700 ’
83 676 168 735 huius
185 672 287 734 mundi
306 671 402 732 brevis
423 681 477 742 est,
498 669 623 728 etaient
640 671 843 731 vestimentum
856 673 1052 735 inveterascit.
1092 673 1177 732 Illam

83 769 172 828 vitam
191 777 355 840 aeternam,
382 783 469 842 qnam
487 761 572 824 vobis
590 762 626 820 B.
647 761 748 826 Petrus
768 785 824 844 pro
844 786 894 828 sua
915 777 1050 827 causaet
1068 765 1178 826 iustitia

81 860 236 940 promisit,
257 869 323 918 tota
342 867 442 916 mente
463 849 494 916 et
511 857 630 936 integro
651 858 739 916 corde
760 858 900 936 quaerite.
938 853 1178 918 Decertate'ho-

82 967 153 1011 num
165 973 250 1031 opus,
270 945 509 1029 quod‘coepistis,
528 946 662 1026 implere,
683 957 714 1005 et
733 967 805 1026 quae
825 951 1081 1029 perdonationem
1091 971 1180 1010 manu

81 1056 177 1105 vestra
198 1042 402 1134 confirmastis,
421 1040 586 1120 protectori
606 1051 706 1100 vestro
725 1040 761 1098 Β.
780 1041 870 1102 Petro
889 1045 1013 1104 reddere
1033 1043 1181 1119 festinate,

81 1136 222 1214 quoniam
241 1135 459 1214 scriptumest:
491 1133 607 1193 Melius
627 1146 669 1191 est
685 1145 746 1192 nott
768 1153 883 1210 novem,
908 1157 995 1216 quassa
1012 1157 1126 1211 owine,
1154 1149 1181 1195 et
1279 1162 1283 1172 ¹

79 1243 175 1289 uotum
191 1225 401 1300 nors-reddere.
440 1226 547 1285 Sciatis
568 1225 646 1284 enim
666 1225 744 1303 quia,
764 1224 841 1284 sicut
860 1227 1100 1309 chirographum,
1127 1248 1179 1290 ve-

80 1335 175 1382 stram
200 1315 390 1380 donationem
415 1318 554 1397 princcps
572 1305 786 1399 Apostolorum
805 1317 931 1380 firmiter
953 1333 1050 1397 tenet,
1077 1332 1107 1381 et
1126 1339 1179 1380 ne-

80 1415 164 1473 cesse
185 1424 238 1487 est,
257 1423 291 1471 ut
309 1412 405 1490 ipsum
425 1409 654 1490 chirographum
675 1410 824 1490 expleatis,
843 1431 883 1472 ne
903 1413 971 1472 dum
990 1412 1079 1475 iustus
1089 1414 1181 1478 Iudex

81 1507 117 1570 ad
138 1505 327 1566 iudicandum
345 1505 428 1566 vivos
455 1515 485 1562 et
503 1513 636 1562 mortuos
655 1513 688 1561 et
705 1501 837 1562 seculum
861 1523 916 1582 per
935 1504 1181 1585 iguemadveue-

81 1599 128 1673 rit,
148 1598 180 1656 in
200 1599 301 1657 futuro
321 1597 430 1657 iudicio
451 1596 529 1655 idem
549 1595 686 1675 princeps
698 1594 913 1673 Apostolorum
932 1597 1010 1656 idem
1030 1597 1180 1678 chirogra-

23 1731 24 1734 =
82 1691 174 1770 phum
194 1691 397 1757 demonstrans
411 1688 530 1748 ‘nullam
549 1684 660 1747 habere
680 1687 861 1763 firmitatem,
889 1688 1038 1750 destrictae
1059 1711 1125 1749 cum
1144 1712 1180 1752 eo

81 1783 195 1842 faciatis
215 1782 356 1842 rationes.
402 1780 462 1841 Sed
487 1781 579 1862 magis
599 1781 714 1860 explete
735 1782 815 1860 quod
834 1781 1006 1861 promisistis
1030 1783 1183 1860 velociter,

81 1888 112 1934 ut
132 1877 244 1935 iterum
263 1877 354 1937 vitam
373 1887 540 1949 aeternam,
565 1893 652 1954 quam
672 1873 709 1933 ab
729 1874 794 1954 ipso
814 1874 949 1956 principe
968 1874 1181 1954 Apostolorum

81 1969 254 2046 promissam
278 1966 401 2042 habetis,
420 1967 601 2045 possideatis.

161 2056 378 2130 Coniurovos,
397 2057 628 2128 excellentissimi
647 2061 782 2122 etaDeo
793 2061 1001 2141 protectililii,
1020 2063 1182 2144 perDeum

84 2147 397 2230 omnipotentemqui
418 2148 554 2208 continet
574 2151 672 2208 omnia
690 2173 741 2210 sua
759 2156 907 2231 potentia,
932 2167 967 2215 et·
980 2177 1035 2235 pes
1053 2166 1183 2219 sanctam

85 2245 145 2304 eius
170 2253 297 2301 matrem
316 2239 477 2321 gloriosam
503 2259 620 2320 semper
639 2240 793 2321 Virginem
809 2245 933 2306 Mariam
958 2249 1105 2310 dominam
1125 2272 1183 2311 no-

84 2349 192 2409 stram,
219 2345 307 2412 atque
338 2353 392 2412 per
411 2333 544 2393 Virtutes
569 2330 734 2408 caelorum,
765 2343 796 2392 et
825 2354 880 2413 per
907 2337 1010 2399 beatos
1035 2343 1185 2420 principes

84 2425 300 2507 Apostolorum
323 2426 444 2485 Petrum
470 2437 500 2484 et
518 2424 660 2498 Paulum,
675 2429 774 2504 ¹atque
799 2430 1060 2504 pertremendum
1085 2431 1186 2492 iudicii

85 2520 182 2594 diem,
207 2515 259 2576 ubi
280 2537 379 2578 omnes
399 2517 559 2578 constricte
584 2517 621 2577 ad
640 2516 823 2578 reddendum
843 2521 880 2582 de
899 2521 1006 2582 nusum
1031 2522 1184 2586 tacuera-

84 2613 199 2672 tionem
220 2611 358 2671 adsistere
378 2610 529 2686 habemus,
547 2611 600 2670 ubi
619 2609 707 2686 nulla'
719 2623 764 2670 est
781 2611 936 2694 ingeniosa
956 2616 1112 2692 excusatio,
1130 2637 1183 2678 ve·
1229 2643 1231 2656 ·

85 2706 193 2765 lociter
213 2715 243 2763 et
261 2704 326 2764 sine
344 2702 406 2763 ullo
426 2703 650 2784 impedimento,
670 2702 750 2782 quod
769 2703 804 2762 B.
823 2704 915 2766 Petro
934 2709 1108 2786 promisistis
1128 2731 1184 2792 per

86 2797 276 2858 donationem
295 2807 436 2871 vestram,
463 2796 593 2858 civitates
613 2807 643 2856 et
661 2795 744 2870 loca,
763 2799 858 2876 'atque
887 2819 988 2862 omnes
1011 2801 1128 2864 obsides
1153 2817 1183 2864 et

87 2891 217 2972 captivos
229 2892 265 2948 B.
277 2887 368 2948 Petro
388 2889 514 2966 reddite,
531 2890 580 2951 vel
599 2888 697 2950 omnia
718 2909 792 2968 quae
811 2890 875 2969 ipsa
894 2892 1017 2955 donatio
1034 2896 1182 2956 eontinet:
1225 2913 1229 2919 ·

86 2985 152 3064 quia
171 2984 242 3044 ideo
262 3003 314 3064 vos
334 2981 479 3042 Dominus
499 3001 555 3062 per
574 2981 769 3043 humilitatem
787 3003 893 3067 meam,
912 2986 1059 3048 mediante
1078 2988 1184 3050 B.Pe-

87 3089 142 3154 tro,
162 3077 247 3138 unxit
265 3075 297 3137 iu
307 3075 415 3158 Reges,
434 3085 469 3134 ut
485 3096 538 3138 vos
558 3087 658 3136 sancta
677 3097 727 3136 sua
747 3074 1041 3156 exalteturEcclesia‚
1060 3079 1183 3159 etprin-

89 3191 151 3252 ceps
171 3167 387 3250 Apostolorum
407 3189 487 3230 suam
507 3167 645 3228 iustitiam
664 3169 811 3250 suscipiat

157 3266 304 3342 Magnum
314 3260 492 3322 desiderium
511 3261 543 3320 in
562 3273 664 3322 nostro
677 3263 767 3322 corde
786 3262 965 3326 habebamus
981 3273 1093 3323 vestros
1109 3263 1183 3322 mel-

88 3355 180 3417 lifluos
210 3353 311 3414 'vultus
327 3353 494 3430 adspicere,
519 3363 551 3412 et
576 3354 613 3412 de
632 3367 746 3414 vestrae
769 3353 956 3412 iocunditatis
976 3350 1085 3412 laetitia
1110 3373 1187 3436 gau,

89 3447 172 3524 dere,
198 3447 277 3504 iuxta
298 3443 379 3522 qnod
398 3441 625 3521 sapientissimus
650 3443 691 3501 ait
712 3442 868 3503 Salomon:
885 3441 955 3502 *Per
970 3447 1048 3505 eicos
1074 3460 1100 3506 et
1112 3447 1183 3524 pla-

88 3551 145 3598 teas
163 3539 291 3618 quaeum
308 3533 515 3615 queem-dilexit
532 3537 631 3594 anima
649 3555 720 3595 mea.
738 3569 742 3578 ·
758 3535 799 3612 Et
818 3549 909 3613 certe,
929 3559 1002 3618 quos
1023 3538 1183 3615 dileximus,

23 3701 26 3716 ‚
88 3651 140 3708 per
157 3629 218 3690 Dei
245 3629 404 3690 iussionem
429 3627 609 3703 invenimus,
635 3638 666 3687 et
690 3649 763 3707 quos
789 3629 1030 3706 desideravimus,
1058 3631 1183 3710 amplexi

89 3741 196 3796 sumus,
214 3741 271 3802 pro
291 3741 352 3800 qno
371 3719 478 3784 diflusa
498 3731 647 3800 estsuper
666 3741 718 3782 vos
732 3720 902 3784 benedictio
923 3734 954 3782 et
973 3721 1112 3804 gratieB.
1125 3718 1182 3783 Pe-

66 3861 69 3870 ,
89 3815 136 3890 tri,
156 3825 191 3874 ut
204 3813 329 3874 Domini
349 3811 406 3872 fuit
423 3813 564 3892 provisio.
605 3813 697 3888 Quod
715 3813 811 3874 mallus
831 3813 868 3874 de
888 3815 992 3876 vestris
1011 3815 1182 3895 parentibus

89 3907 195 3966 meruit
213 3907 377 3986 suscipere,
396 3925 448 3967 vos
467 3905 647 3985 suscepistis,
675 3917 706 3966 et
724 3906 860 3986 princeps
879 3906 1092 3987 Apostolorum
1111 3928 1183 3988 prae

91 3999 197 4058 ceteris
214 3997 346 4082 Regibus
372 4009 403 4056 et
424 3999 561 4080 gentibus
586 4019 638 4062 vos
663 4019 729 4059 suos
749 3997 911 4079 peculiares
930 3999 1056 4075 iaciens,
1081 4019 1183 4060 omnes

91 4111 155 4150 suas
176 4085 272 4154 causas
286 4090 371 4154 vobis
390 4089 550 4154 commisit:
569 4102 600 4152 et
619 4111 691 4170 quos
703 4091 831 4152 reddetis
850 4088 995 4154 rationem
1005 4091 1084 4166 Deo,
1106 4109 1182 4167 quo-

23 4223 24 4242 .
92 4183 181 4243 modo
201 4205 256 4263 pro
275 4184 384 4245 iustitia
410 4183 500 4264 ipsius
525 4183 658 4244 ianitoris
681 4184 767 4266 regni
787 4183 934 4244 caelorum
957 4179 1181 4246 decertaveritis.

94 4272 222 4336 (Iunctus
242 4297 367 4356 namque
387 4288 489 4337 noster
507 4277 634 4356 populus
644 4275 834 4358 Reipublicae
853 4275 1053 4337 Romanorum
1071 4293 1181 4355 magno
1235 4269 1241 4278 ”

94 4365 196 4429 dolore
216 4381 247 4431 et
264 4367 445 4442 amarissimis
465 4367 590 4438 lacrimis
614 4391 673 4432 una
690 4367 844 4432 nobiscum
862 4369 1040 4430 tribulantur
1058 4387 1114 4446 pro
1134 4386 1183 4441 eo,

885 4461 946 4543 [Β]
