2960 5094
106 588 259 663 notuistis,
289 587 491 648 contentionis
516 587 594 648 rixas
616 607 649 650 ac
674 547 768 670 litigia
793 589 871 650 inter
895 611 946 654 vos
971 602 1083 655 versata
1103 595 1204 677 fuissm

106 682 173 758 sed,
198 691 346 742 annuente
365 680 514 757 Domino,
538 702 617 741 nunc
637 681 673 744 ad
692 703 791 746 veram
810 683 1013 762 dilectionem,
1038 699 1067 748 et
1086 689 1205 750 unitatis

106 774 310 851 concordiam,
341 785 373 834 et
394 773 556 834 fraternum
580 792 709 858 amorem
734 778 869 841 conversi
892 779 1032 841 exstitisse
1057 781 1203 844 videmini.
1270 780 1273 786 ’

96 865 178 940 -Quo
198 867 310 944 audito,
329 887 439 950 magno
458 867 566 950 gaudio
585 879 676 948 atque
694 869 814 946 laetitia,
832 892 891 932 una
910 893 976 932 cum
995 861 1132 934 universo
1147 896 1203 956 por

103 959 176 1040 pulo
196 971 300 1022 nostro
318 960 401 1020 istius
425 960 595 1040 provinciae
615 981 632 1020 a
651 959 737 1022 vobis
760 964 945 1046 redemptae,
971 965 1078 1046 repleti
1096 988 1203 1045 sumus,

103 1064 133 1112 et
161 1053 281 1136 gemina
305 1053 469 1116 festivitatis
493 1053 599 1137 gaudia
622 1055 806 1138 peregimus,
834 1058 986 1121 immensas
1005 1059 1073 1120 Deo
1098 1065 1202 1122 bostro

101 1146 304 1229 omnipotenti
321 1145 484 1206 referentes
503 1146 661 1228 gratiarum
680 1147 828 1225 actiones,
859 1162 945 1231 atque
969 1151 1120 1213 victricem
1140 1152 1202 1214 eius

101 1239 289 1302 clementiam
309 1233 518 1315 collaudantes,
538 1251 669 1300 consona
689 1261 753 1302 cum
774 1242 947 1321 prophetica
965 1264 1038 1307 voce
1051 1255 1201 1306 cantantes
1255 1297 1262 1310 ,

23 1347 24 1352 ’
102 1327 193 1413 atque
217 1333 363 1393 dicentes:
393 1330 566 1393 Boudictus
584 1353 614 1394 es
632 1331 759 1408 Domine
776 1333 861 1394 Deris
877 1349 987 1410 noster,
1013 1351 1040 1397 et
1057 1335 1207 1398 mentua*

101 1430 201 1487 omma
219 1447 309 1502 opmo
326 1437 386 1486 usa.
417 1425 497 1486 Eece
518 1425 596 1485 enim
616 1447 694 1490 nunc
714 1426 823 1510 gaudet
832 1427 915 1488 Deus
934 1438 1035 1488 noster
1053 1432 1085 1490 in
1105 1431 1201 1506 caelis,
1277 1501 1280 1508 ¹

100 1519 212 1601 gaudet
231 1529 262 1579 et
279 1518 430 1592 universus
451 1517 557 1580 chorus
576 1519 770 1601 Angelorum,
791 1519 870 1580 etin
889 1530 968 1582 terra
983 1520 1070 1580 etrum
1080 1534 1201 1584 cunctus

100 1611 226 1672 exsultat
245 1611 374 1692 populus
384 1609 577 1697 Christianus,
596 1624 627 1672 et
645 1612 724 1674 solus
743 1612 918 1674 Diabolus'
908 1612 1042 1673 mimicus
1062 1615 1151 1693 pacis,
1171 1625 1202 1674 ct

92 1704 264 1774 discordiae
283 1705 445 1766 seminator
462 1692 557 1788 luget,
577 1707 645 1766 dum
664 1707 773 1768 victum
791 1727 822 1768 se
837 1726 899 1768 esse
911 1716 942 1766 et
951 1715 1117 1786 superatum
1128 1727 1200 1768 con-

97 1797 193 1876 spicit.
222 1799 294 1860 Non
313 1799 391 1859 enim
412 1797 498 1858 aliter
515 1799 644 1868 fidelium
663 1799 958 1861 monteseristimare
974 1809 1118 1906 poterant
1130 1819 1199 1878 per·
1243 1851 1252 1874 ,

96 1891 217 1966 venire,
243 1911 330 1970 quam
350 1890 431 1972 quod
450 1911 529 1952 nunc
548 1891 658 1952 factum
677 1913 741 1956 esse
760 1895 934 1976 gaudemus,
958 1891 983 1952 si
1001 1892 1082 1952 Deus
1103 1891 1199 1951 omni-

95 1993 206 2060 potens
219 1982 306 2042 illam
324 2005 429 2065 pacem
447 1996 478 2045 et
496 1985 655 2046 fraternam
675 1985 865 2048 dilectionem
876 1986 907 2046 in
919 1983 1003 2047 vobis
1015 1983 1199 2064 multiplicet,

96 2089 126 2137 et
149 2075 379 2155 multiplicatam
408 2075 601 2152 corroboret,
632 2099 718 2157 quam
747 2079 804 2140 suis
836 2077 957 2140 donavit
984 2077 1089 2138 sanetis
1113 2078 1198 2157 Apo-

96 2170 190 2232 stolis.
207 2185 211 2198 ·
230 2167 320 2227 Unde
345 2166 383 2226 de
408 2177 504 2230 vestra
524 2167 636 2226 unitate
656 2169 742 2228 etiam
761 2181 860 2232 sancta
879 2170 1015 2252 spiritalis
1033 2180 1128 2230 mater
1146 2190 1197 2231 ve*

96 2275 174 2372 stra,
199 2261 260 2322 Dei
278 2257 426 2335 Ecclesia,
453 2257 564 2319 eteius
583 2257 734 2318 universus
753 2261 880 2340 populus
899 2263 1029 2324 exsultat.
1071 2263 1148 2322 Nam
1168 2273 1199 2324 et

96 2356 129 2415 in
148 2355 223 2415 his
213 2354 283 2434 ipsis
301 2353 404 2414 vestris
424 2349 576 2412 ferebatur
595 2347 739 2429 apicibus,
756 2361 821 2414 tota
839 2365 935 2414 vestra
952 2355 1059 2414 virtute
1071 2375 1124 2415 vos
1136 2375 1199 2416 esse

97 2450 300 2510 decertaturos
318 2467 374 2527 pro
395 2442 572 2527 exigendis
562 2442 679 2504 iustitiis
704 2445 883 2552 protectoris
907 2445 1048 2509 vestriB.
1067 2445 1150 2506 Petri
1169 2457 1200 2509 et

23 2605 24 2608 ,
96 2553 216 2604 sanctae
240 2540 300 2601 Dei
322 2537 489 2612 Ecclesiae,
518 2545 606 2615 atque
629 2535 663 2595 in
686 2555 721 2596 ea
745 2536 940 2617 promissione
969 2537 1091 2614 amoris,
1123 2557 1199 2618 quae

95 2647 230 2700 avesuo
250 2633 302 2714 pio
323 2633 460 2716 genitore
478 2641 596 2692 sanctae
613 2630 830 2691 recordatiouis
840 2631 950 2692 domno
960 2630 1091 2712 Prpprno
1101 2631 1198 2694 erdem

94 2729 225 2810 principi
234 2726 448 2808 Apostolorum
468 2724 579 2789 eteius
589 2722 715 2785 Vicariis
734 2721 811 2784 facta
831 2735 885 2799 est,
904 2723 1029 2804 polliciti
1048 2725 1116 2784 estis
1136 2743 1197 2803 esse

37 2873 42 2886 ,
94 2841 319 2903 permansuros,
349 2831 384 2896 et¹
397 2819 543 2900 plenarias
562 2816 686 2878 iustitias
704 2827 822 2878 unctae
841 2815 899 2876 Dei
917 2817 1083 2893 Ecclesiae,
1097 2829 1197 2898 ¹atque

95 2917 155 2978 eius
168 2913 377 2976 multationem
389 2933 452 2976 esse
472 2924 655 2994 operaturos.
683 2909 724 2968 Et
743 2908 860 2988 quidem
879 2929 945 2985 nos,
964 2909 1206 2982 excellentissimi=
1296 2930 1297 2939 ¹

94 3009 155 3086 lilii,
176 3005 417 3071 Christianissimi
433 3005 534 3087 magni
550 3005 658 3086 Reges,
677 2999 800 3061 omnino
821 3001 857 3061 de
876 3003 935 3062 hoc
954 3003 1038 3079 certi,
1058 3015 1145 3083 atque
1164 3003 1196 3062 in

96 3101 233 3162 omnibus
252 3097 390 3160 satisfacti
407 3119 521 3175 sumus,
552 3097 632 3178 quod
651 3095 733 3155 nulla
752 3094 903 3155 bominum
922 3095 1035 3170 suasio,
1059 3105 1111 3165 aut
1127 3095 1195 3155 the-

94 3214 246 3256 saurorum
261 3193 386 3302 copiosa
405 3193 484 3253 datio
504 3212 557 3253 vos
577 3189 690 3271 poterit
707 3187 870 3264 destinare,
897 3201 947 3248 aut
965 3189 1001 3248 ab
1023 3189 1124 3248 eadem
1142 3205 1194 3246 ve-

94 3297 149 3348 stra
168 3286 378 3368 promissione,
398 3307 485 3366 quam
502 3285 538 3345 B
557 3284 649 3344 Petro
669 3279 886 3364 spopondistis,
905 3276 1148 3358 quoquomodo
1137 3297 1194 3338 rm-

94 3392 221 3457 mutare3
240 3387 340 3436 umen
357 3399 436 3436 nuuc
454 3377 755 3438 firmitateuvesuam
768 3368 1031 3476 comprobavimus,
1050 3367 1118 3429 dum
1130 3390 1193 3431 non

94 3468 263 3556 corruptori
283 3480 314 3530 et
331 3465 431 3575 fragili
450 3465 578 3540 bomini,
602 3466 654 3524 scd
671 3465 740 3524 Deo
760 3459 958 3540 omnipotenti
978 3473 1008 3522 et
1027 3461 1089 3524 eius
1107 3462 1193 3543 Apo-

94 3565 238 3626 stolorum
262 3559 391 3642 principi
417 3559 533 3667 placere
559 3555 744 3638 procurastis.
788 3554 877 3615 Unde
897 3554 1019 3631 obnixe,
1044 3565 1194 3633 tamquam

93 3655 343 3737 praesentialiter,
371 3651 512 3734 petimus,
541 3661 571 3710 et
596 3670 695 3712 coram
713 3651 781 3712 Deo
805 3649 888 3725 vivo,
920 3647 970 3728 qui
994 3668 1047 3710 vos
1066 3667 1192 3730 regnare

93 3751 254 3830 praecepit,
274 3746 459 3810 coniuramus
469 3743 680 3806 Excellentiam
698 3754 835 3818 vestram,
852 3753 886 3802 nt
904 3739 1078 3822 plenarias'
1068 3741 1193 3803 rustitius

93 3842 126 3902 Β.
143 3843 229 3904 Petri
248 3841 302 3902 sub
326 3837 611 3915 nimia-velocitate,
639 3837 798 3898 secundum
819 3832 988 3916 Capitulare
1009 3835 1088 3914 quod
1107 3833 1194 3896 vobis

93 3954 148 4013 per
166 3945 336 4015 praesentes
354 3943 467 3994 vestros
486 3929 668 3994 fidelissimos
686 3929 790 3990 Missos
810 3927 979 4004 direximus,
1005 3927 1137 4034 exigere,
1162 3935 1193 3985 ct

92 4025 128 4084 Β.
148 4025 238 4087 Petro
257 4025 381 4088 reddere
401 4024 540 4100 iubeatis,
559 4023 634 4086 sicut
653 4034 687 4084 et
701 4034 798 4084 vestra
818 4021 952 4084 continet
970 4019 1142 4101 promissio,
1161 4028 1192 4077 et

23 4107 24 4110 ¹
95 4117 211 4194 omnia,
238 4117 365 4198 quaeB.
385 4116 541 4194 Petro,et
566 4117 628 4178 eius
646 4117 770 4178 Vicariis
790 4135 855 4176 cum
874 4125 973 4177 restro
993 4123 1109 4174 sanctae
1127 4129 1190 4169 me-

93 4210 205 4272 moriae
223 4211 418 4295 progenitore
437 4211 626 4320 promisistis,
650 4209 811 4290 adimplere
830 4195 1006 4290 dignemini:
1037 4213 1191 4283 quatenus,

23 4325 25 4406 p
94 4302 296 4366 intercedente
315 4303 419 4378 eodem
439 4305 573 4386 principe
592 4302 820 4384 Apostolorum,
849 4299 1010 4381 perfectam
1036 4297 1072 4356 ab
1094 4295 1189 4356 omni

96 4407 217 4480 potente
236 4397 336 4462 Deo
326 4419 359 4460 ιιι
379 4398 526 4479 praesenti
545 4397 603 4462 vita
624 4407 654 4458 et
673 4393 770 4458 futura
791 4391 1002 4456 beatitudinem
1022 4387 1190 4471 suscipiatis.
1259 4450 1264 4461 ,
