2890 5092
767 413 859 489 eeu

382 597 384 604 ’
412 575 542 660 Pulpita,
561 565 592 638 et
611 582 728 638 austero
747 570 881 636 Nemesis
899 544 1056 632 metuenda
1074 577 1178 648 paratu

319 672 321 678 ’
411 674 491 736 Tota
510 671 597 754 riget.
636 670 723 730 Tune
743 686 865 746 cernere
886 675 949 725 erat
967 662 1084 744 pietatis
1104 671 1254 722 amantum

337 772 395 834 58⁰
413 765 529 828 Flebile
549 762 707 837 dissidium,
726 758 910 822 memorandi
928 756 1010 818 testis
1030 754 1137 820 amoris

412 860 463 920 Lis
483 858 548 934 suit,
570 868 600 922 et
617 855 725 916 meruit
742 853 858 914 veniam
879 849 1024 912 discordia
1044 849 1123 916 felix.

410 953 545 1032 Namque
565 949 616 1010 ubi
636 947 729 1029 prima
748 945 817 1006 mali
835 944 1013 1022 scelerisque
1026 954 1155 1025 rogatur
1174 942 1279 1024 origo,

412 1046 453 1106 Se
473 1056 562 1113 vocat
580 1045 684 1105 Emrna
703 1061 794 1115 ream,
813 1039 865 1100 sed
885 1037 1062 1098 contradicit
1080 1047 1193 1096 amator

393 1139 616 1217 ·Adversusque
630 1135 690 1218 sibi
711 1145 767 1196 est:
787 1132 887 1216 pergit
906 1151 957 1192 sua
977 1131 1108 1211 pandere
1129 1128 1165 1188 ab
1186 1147 1247 1190 ovo

297 1271 298 1278 κ
339 1239 397 1302 585
418 1231 550 1293 Crimina
571 1242 652 1292 certa
670 1227 748 1288 mori
767 1225 868 1308 virgo:
888 1246 945 1308 pro
965 1222 1080 1306 virgine
1100 1221 1216 1284 fraudes

415 1325 473 1386 Ille
494 1347 558 1386 suas
577 1324 730 1403 uariasque
751 1331 909 1404 exaggerat
928 1317 1008 1380 ocius
1028 1328 1115 1378 artes.

458 1417 648 1496 Alteriusque
668 1415 742 1478 alter
761 1414 842 1490 facti,
861 1423 1013 1494 spectante
1031 1411 1161 1488 theatro,

409 1509 506 1573 Diluit
524 1509 674 1584 invidiam,
693 1507 792 1592 gignit
810 1505 971 1568 concordia
990 1505 1075 1582 rixas,

409 1606 450 1664 Et
469 1614 566 1684 partes
587 1602 657 1664 lacit
677 1624 745 1664 acer
764 1624 857 1679 amor,
877 1603 1048 1680 diversaque
1067 1597 1170 1660 suadet

332 1693 558 1768 5901ndivulsa
578 1697 660 1773 fides,
678 1695 803 1778 proprio
823 1697 860 1758 de
879 1695 984 1756 sunere
1004 1691 1126 1775 quisque

407 1791 529 1874 Litigat,
549 1803 580 1852 et
597 1802 682 1866 tanto
703 1790 791 1872 gestit
809 1789 1014 1852 vehementior
1033 1805 1107 1862 esse,

250 1917 255 1928 ·
342 1877 344 1886 ’
411 1883 534 1961 Quanto
555 1895 632 1944 amat
650 1884 779 1959 uberius,
799 1883 884 1944 simul
904 1883 1097 1966 indignantur
1116 1887 1285 1956 amantque.

383 1988 387 2000 “
411 1977 507 2059 Culpa
520 1997 593 2060 ,mea
609 1979 668 2053 est,
688 1977 729 2038 ait
740 1979 859 2050 Emma;
878 1998 943 2040 mea
954 1989 1007 2053 est,
1026 1973 1204 2057 Eginardus:
1225 1983 1258 2032 et
1273 1972 1371 2033 hostis

411 2072 545 2150 Quisque
565 2071 609 2130 sui
630 2083 684 2147 est,
704 2093 868 2152 causaeque
887 2093 956 2134 suae
977 2067 1142 2132 contrarius
1163 2065 1272 2126 obstat.

270 2212 273 2222 .
334 2171 391 2232 595
410 2165 492 2226 Mors
512 2164 637 2247 geminis
657 2166 777 2246 petitur,
796 2167 847 2228 sed
868 2188 953 2246 quam
973 2163 1029 2227 sibi
1044 2157 1291 2244 'poscit'amatom

409 2257 567 2320 Praeveuit
586 2257 674 2332 haec;
695 2281 840 2340 quamque
860 2261 910 2322 illa
931 2259 1022 2340 cupit,
1042 2257 1102 2318 cito
1122 2251 1278 2336 praevenit
1296 2253 1357 2316 ille.

407 2352 498 2427 Ecce,
518 2372 585 2412 suos
606 2353 718 2414 iuvenis
739 2354 845 2416 cervici
864 2351 1032 2414 intenderat
1050 2350 1124 2411 ictus

409 2443 514 2505 Lictor
534 2431 632 2520 atrox,
652 2467 717 2506 cum
739 2447 815 2508 colla
835 2447 898 2508 ensi
917 2444 1049 2506 velocior
1070 2445 1173 2505 Emma

384 2535 579 2616 *supposuit
600 2538 742 2618 dixitquet
761 2540 842 2618 Feri,
860 2561 907 2600 me
928 2550 1050 2620 percute
1071 2547 1198 2610 sontem,

331 2635 389 2696 600
407 2629 500 2690 Parce
520 2629 596 2706 v'iro,
616 2633 745 2716 genitor.
786 2633 914 2708 Quoties
934 2631 1066 2692 ferienda
1086 2629 1209 2692 seorsim

406 2723 511 2784 Emma
531 2724 620 2801 soret,
639 2726 728 2786 toties
748 2725 828 2787 collo
847 2723 1021 2806 superirrnit
1038 2724 1171 2799 Emmae,

402 2815 514 2894 Meque
534 2815 600 2890 leri,
621 2816 691 2876 dixit
709 2818 836 2890 iuvenis3
856 2817 1054 2898 complexibus
1074 2817 1198 2878 haerent

408 2904 558 2988 Corpora,
575 2907 616 2968 sic
635 2909 778 2993 moritura
796 2911 892 2988 simul,
912 2910 1074 2992 dubiusque
1093 2907 1210 2972 satelles

406 3001 470 3062 Nec
490 2999 531 3062 sic
550 3001 649 3062 iuncta
669 3003 767 3082 audet,
786 3025 842 3068 nec
862 3005 978 3089 singula
998 3004 1074 3066 colla
1094 3002 1183 3062 ferire

329 3100 386 3162 605
406 3095 485 3154 Ense
506 3107 607 3174 queat;
626 3096 750 3179 rigidam
769 3099 910 3168 Nemesin
929 3108 1116 3172 remorantur
1135 3117 1261 3173 amores,

296 3189 303 3211 ‘
404 3189 603 3270 Alternnsque
622 3189 654 3250 in
673 3203 769 3252 morte
789 3191 882 3266 furor,
901 3203 1000 3272 stupet
1019 3191 1114 3252 omnis
1135 3201 1165 3252 et
1184 3192 1289 3254 haeret

405 3283 489 3344 Haec
508 3281 586 3344 inter
605 3283 728 3344 multum
749 3283 853 3345 dubius
872 3285 1039 3366 spectacula
1061 3285 1158 3361 iudex,

403 3377 444 3436 Et
463 3397 591 3456 poenam
610 3379 734 3460 geminis
755 3379 853 3440 animo
873 3379 1014 3459 vultuque
1033 3381 1167 3442 remittit.

406 3467 493 3527 Haud
513 3470 598 3530 aliter
617 3471 732 3533 Tauros
753 3471 853 3532 adiens
872 3472 1017 3536 Archivus
1037 3474 1169 3550 Orestes,

329 3564 387 3624 610
409 3559 485 3621 Cum
505 3582 604 3622 coram
623 3561 698 3624 irato
719 3564 816 3627 feralis
836 3565 953 3626 victima
972 3578 1062 3628 staret
1151 3599 1153 3604 v

404 3654 498 3735 llege,
518 3655 576 3716 suis
596 3654 669 3714 vidit
688 3656 829 3737 Pyladem
848 3659 1045 3720 intercurrere
1066 3659 1144 3736 latis,

405 3747 524 3828 Proque
545 3748 603 3810 suis
622 3749 747 3830 Pylades
767 3773 880 3812 rursum
900 3753 1099 3815 intercurrere
1120 3753 1267 3828 Orestem,

403 3839 591 3922 Turbarique
611 3843 719 3918 forum,
739 3842 879 3925 languere
899 3845 1011 3908 ferocia
1031 3849 1180 3910 Thracum

352 4001 355 4008 ⁴
403 3931 539 4010 Pectora,
559 3937 803 4018 barbaricumque
822 3937 879 3998 iras
899 3940 1029 4019 posuisse
1048 3939 1187 4000 tribunal.

327 4031 384 4092 615
446 4027 487 4086 At
508 4025 631 4090 Carolus
653 4053 828 4119 quamqqum
848 4033 1004 4112 ancipitem
1024 4033 1192 4114 praesentia
1211 4044 1340 4092 mentem

403 4121 440 4180 In
461 4120 572 4180 diversa
593 4122 700 4201 ferant,
720 4138 750 4186 et
769 4125 826 4186 iam
845 4125 909 4206 plus
930 4148 1050 4206 parcere
1070 4139 1158 4189 natae

400 4216 539 4295 Exoptet,
559 4214 753 4298 iuvenemque
772 4220 860 4295 mori,
882 4219 940 4280 iam
961 4221 1067 4284 iustior
1084 4221 1165 4284 ultor

403 4308 475 4368 Esse
495 4307 581 4387 velit,
595 4310 789 4392 geminosque
808 4313 895 4389 mori,
914 4313 972 4374 iam
992 4314 1104 4378 lubrica
1122 4327 1222 4378 verset

405 4397 504 4466 Corda
524 4401 676 4468 hominum
695 4405 902 4487 Veneremque
922 4407 1028 4488 levem,
1047 4409 1203 4492 solumque
1224 4407 1326 4472 beatos
