2960 5094
26 647 27 650 ¹
86 620 216 698 peratori
241 619 397 680 Persarum
429 619 534 679 direxit
565 615 724 682 lndeiessus
751 623 901 704 Augentus
925 641 1016 702 equos
1042 636 1072 685 et
1095 622 1190 688 mulos

84 709 240 790 Hispanos,
260 713 349 793 pallia
370 711 573 792 Fresoniea1)
593 711 669 788 alba,
688 736 774 791 cana,
804 716 992 778 vermiculata
1018 717 1066 780 vel
1089 719 1187 799 saphi-

50 876 53 895 Ι
84 805 158 880 rina,
176 815 251 886 quae
271 807 302 865 in
322 805 381 864 illis
401 804 534 883 partibus
553 800 618 868 rara
641 819 671 868 et
689 808 808 868 multum
828 827 894 868 cara
915 803 1080 891 comperit,
1100 832 1186 874 canes

83 919 200 978 quoque
220 899 355 980 agilitate
375 910 406 958 et
426 897 536 958 ferocia
565 899 742 980 singularem
766 900 861 977 quales
886 902 951 982 ipse
977 905 1057 984 prius
1084 906 1119 964 ad
1140 925 1187 965 ta·
1215 907 1217 914 ’
1270 931 1272 940 “

82 987 206 1066 piendos
225 993 273 1051 vel
297 987 510 1070 propellendos
531 991 633 1062 leones
656 1003 687 1051 et
706 979 1011 1072 tigridespostulavit
1044 998 1106 1072 Qui
1121 998 1188 1058 cie-

80 1082 149 1140 teris
177 1084 352 1147 muneribus
370 1084 460 1161 ·quasi
485 1085 680 1166 neglegenter
703 1085 856 1162 inspeetis,
879 1090 1030 1168 requisivit
1053 1111 1070 1149 a
1094 1091 1186 1152 missis
1267 1149 1274 1178 ι

83 1194 151 1254 quas
172 1175 252 1270 seras
274 1187 305 1236 et
324 1170 428 1236 bestias
449 1197 535 1236 canes
556 1177 599 1236 illi
624 1177 774 1238 debellare
802 1177 939 1239 solerent.
983 1181 1117 1262 Cumque
1136 1205 1185 1244 re-

80 1287 224 1346 sponsum
245 1270 404 1348 acciperet,
428 1269 495 1348 quia
516 1283 620 1331 cuneta
648 1269 752 1350 quibus
782 1263 893 1329 inmissi
917 1272 1051 1352 fuissent,
1076 1274 1186 1355 absque
1278 1301 1281 1314 ¹

76 1381 166 1422 vmora
188 1363 404 1442 disterperent,
430 1363 515 1439 Hoc,
541 1365 652 1444 inquit,
676 1368 727 1423 rei
745 1361 878 1438 probabit
895 1368 1019 1425 erastus!
1055 1367 1096 1426 Et
1115 1388 1185 1434 ecce

81 1456 209 1514 crastina
230 1457 277 1515 die
297 1456 388 1516 faetus
409 1467 454 1514 est
471 1457 610 1516 maximus
630 1467 789 1536 pastorum⁸
804 1455 929 1533 elamor,
957 1479 972 1518 a
999 1457 1072 1518 facie
1092 1460 1185 1520 leonis

81 1549 268 1630 fugientium.
314 1549 406 1623 Quod
432 1571 496 1608 eum
524 1552 555 1609 in
582 1549 647 1610 aula
666 1549 745 1630 regis
766 1547 868 1608 fuisset
887 1547 1034 1626 auditum,
1061 1551 1131 1609 dixit
1149 1553 1186 1612 ad

80 1642 209 1724 legatos}
235 1643 351 1702 Osocii
369 1641 497 1716 Franci,
525 1641 667 1704 ascendite
684 1647 716 1702 in
734 1663 820 1721 equos
837 1658 958 1716 vestrm,
984 1657 1011 1702 et
1029 1646 1108 1701 exite
1120 1658 1188 1718 post

80 1757 130 1793 me.
174 1733 237 1808 Qui
258 1735 364 1810 statim,
386 1737 467 1814 quasi
487 1735 561 1794 nihil
581 1757 710 1816 unquam
730 1734 840 1794 laboris
851 1747 900 1794 aut
911 1733 1087 1796 lassitudinis
1101 1736 1187 1814 passi,

80 1827 217 1886 alacriter
241 1839 309 1886 sunt
338 1849 439 1909 regem
470 1829 628 1907 prosecuti.
679 1828 778 1902 Quum
811 1839 906 1887 autern
933 1829 969 1888 ad
996 1839 1186 1908 conspectum

79 1919 193 1994 leonis,
217 1920 331 1979 eminus
362 1919 448 1994 licet,
477 1931 596 1979 ventum
616 1919 732 1994 fuisset,
758 1920 828 1980 dixit
851 1931 1031 2000 satraparum
1058 1932 1186 2001 satrapa:

76 2011 223 2087 Instigatc
242 2033 327 2070 canes
344 2027 449 2070 vestros
467 2013 499 2067 iu
517 2009 634 2070 horem.
675 2011 736 2086 Qui
756 2012 830 2070 iussa
854 2011 1034 2090 complentes
1055 2025 1085 2072 et
1104 2034 1187 2074 acer-

77 2107 151 2163 rime
182 2102 369 2176 advolantes,
394 2119 411 2160 a
437 2100 620 2161 Germanicis
645 2104 764 2162 canibus
789 2105 937 2163 Persicum
962 2105 1081 2166 leonem
1106 2127 1187 2169 com-

78 2197 269 2278 prehensum,
289 2193 506 2274 Hyperboreae
526 2213 620 2254 venae
640 2193 743 2274 gladiis
764 2197 869 2256 duratis
889 2218 943 2274 pro
958 2199 1100 2278 sanguine
1118 2220 1189 2279 per-

81 2300 226 2348 emerunt.
267 2286 339 2360 Quo
360 2287 435 2362 viso,
455 2284 584 2344 nominis
604 2285 648 2344 sui
669 2285 844 2368 fortissimus
864 2285 949 2344 heres
965 2289 1067 2363 Aaron
1087 2311 1120 2348 ex
1138 2312 1188 2350 re-

78 2382 135 2442 bus
164 2379 291 2440 minimis
326 2377 481 2438 fortiorem
519 2375 660 2438 Karolum
692 2377 930 2458 deprehendens,
966 2377 1011 2436 his
1034 2380 1131 2439 verbis
1156 2381 1188 2440 in

80 2475 144 2532 eius
166 2472 297 2534 favorem
316 2469 466 2550 proru'pit:
486 2469 577 2531 Nmtc‘
594 2491 745 2547 cognosco,
765 2491 853 2557 meum
870 2472 929 2528 sint
946 2491 1025 2546 uera,
1042 2494 1116 2551 quae
1134 2494 1187 2532 au·

80 2565 139 2625 diui
158 2563 196 2624 de
206 2565 314 2646 fratre
331 2575 393 2624 uteo
412 2564 539 2642 Karoia,
559 2567 628 2643 quia
645 2564 752 2624 scilicet
766 2560 937 2621 ‘assiduitate
953 2560 1077 2624 uenandi
1095 2579 1121 2624 et
1138 2569 1196 2648 ire-y

73 2656 232 2740 fatigabili
248 2655 341 2718 audio
360 2679 465 2733 carptas
483 2659 655 2730 etganima'm
673 2653 828 2716 exercendi
835 2669 937 2715 crtacta
948 2677 1021 2736 quae
1038 2655 1090 2716 sub
1109 2657 1187 2716 coelo

80 2766 155 2830 sum,
175 2749 404 2812 coasamtudinem
421 2745 504 2810 dubet
521 2747 681 2810 edomandi.
723 2745 803 2830 Quid
818 2751 907 2824 igitur
933 2753 960 2808 ei
978 2769 1099 2826 possum
1117 2771 1186 2810 coa-

81 2843 199 2921 dignmn
218 2842 390 2920 rependere,
416 2847 466 2922 qui
484 2845 526 2902 ita
544 2864 588 2900 me
606 2844 717 2901 meavit
734 2834 897 2906 deuorare?
935 2841 972 2902 Si
989 2857 1096 2902 terram
1108 2865 1184 2920 pro-

80 2941 195 2999 missam
214 2933 356 2996 Abrahae
379 2950 406 2994 et
428 2931 585 2996 exhibitam
603 2935 713 2994 Josuae
732 2933 836 2994 dedero
854 2933 914 3010 illi,
927 2952 1052 3014 propter
1070 2936 1186 3012 longia·
1262 2980 1264 2996 .
1318 2913 1335 2991 ¹.
1391 2981 1394 2990 .

83 3035 216 3109 quitatem
235 3029 364 3090 locorum
381 3049 440 3088 non
452 3041 547 3104 potest
565 3050 627 3087 eam
637 3025 819 3108 defensarea
829 3025 977 3103 barbaris3
995 3029 1041 3091 ned
1056 3032 1083 3086 si
1101 3032 1188 3086 irata

83 3127 348 3201 magnanimitatem
366 3143 448 3184 aram
466 3119 624 3204 defendere
642 3122 780 3196 coeperit,
806 3122 907 3196 tineo,
926 3141 963 3180 ne
973 3123 1122 3200 finitimae
1140 3141 1187 3176 re-

82 3238 136 3292 guo
155 3217 345 3284 Francorum
362 3217 526 3290 provinciae
543 3211 691 3274 discedant
708 3211 746 3272 ab
764 3215 824 3272 eiras
842 3215 971 3287 imperio.
1016 3208 1078 3272 sed
1094 3223 1188 3266 tamen

84 3331 134 3370 noc
152 3306 426 3386 neodogliberulitati
443 3311 503 3366 eius
519 3307 686 3386 gratificari
703 3301 823 3361 tentabo.
868 3301 956 3360 Dabo
975 3297 1087 3380 quidem
1106 3298 1188 3359 illam
1232 3288 1237 3305 i

84 3405 112 3460 in
130 3413 389 3476 eampotestatem,
411 3413 436 3457 et
454 3419 507 3473 ego
525 3397 680 3456 munerans
694 3398 755 3452 eius
772 3413 821 3452 ero
832 3413 919 3468 super
937 3415 1013 3467 eam;
1030 3395 1092 3470 urse
1109 3415 1187 3471 uero,

85 3495 309 3573 quandocunque
327 3491 460 3568 voluerit,
492 3489 538 3550 uel
560 3487 615 3549 stit
638 3489 909 3564 opportunissimum
931 3486 1059 3565 videtum,
1080 3487 1189 3562 dirigat

85 3587 123 3646 ad
139 3611 184 3648 me
203 3587 312 3662 legatos
330 3607 406 3662 suos,
425 3599 451 3644 et
460 3583 665 3664 fidelissimum
684 3591 728 3639 me
741 3593 961 3656 procuratorem
977 3579 1101 3642 eiusdem
1114 3600 1188 3656 pro·

85 3683 191 3740 vinciae
209 3677 352 3740 reditium
371 3682 499 3738 inueniet.
544 3674 611 3736 Hoc
632 3694 704 3756 ergo
725 3675 815 3734 modo
836 3673 944 3733 facturn
965 3685 1024 3749 est,
1046 3671 1187 3752 utquod

26 3817 28 3824 .
86 3793 139 3850 pro
159 3771 335 3852 impossibili
356 3771 426 3830 dixit
444 3769 591 3850 poita²);
678 3829 679 3832 ,

210 3865 277 3925 Aut
295 3863 423 3923 Ararim
442 3861 569 3924 Parthus
588 3858 670 3934 bibet,
688 3872 739 3919 aut
761 3859 920 3918 Germania
940 3857 1066 3934 Tigrim,

86 3969 210 4037 propter
230 3956 402 4018 industriam
422 3952 633 4039 vigorosissimi
649 3949 764 4025 tiroli,
785 3948 890 4012 exitum
908 3951 955 4014 rel
974 3951 1100 4012 reditum
1118 3945 1188 4004 mis-

26 4119 27 4126 *
87 4051 185 4109 sorum
205 4052 283 4127 eius,
313 4061 344 4110 et
367 4049 586 4130 protectionem
610 4044 657 4108 vel
681 4043 1064 4126 reversionemlegatorum
1083 4038 1185 4098 Aaron

26 4209 29 4288 ι

130 4294 150 4343 ¹)
165 4293 306 4342 Fumantes.
319 4293 385 4336 Natali
400 4292 536 4348 Wssterr,
557 4289 691 4338 onomate
703 4291 744 4336 der
757 4290 912 4350 Rutulis«,
936 4285 983 4331 Th·
998 4283 1019 4336 Ι,
1033 4280 1058 4326 S·
1072 4281 1109 4334 ²⁶2
1121 4278 1187 4326 Am¹¹·

26 4401 27 4410 γ
90 4360 126 4410 29,
148 4359 275 4402 Gewiiader
286 4359 457 4409 mttltranzen.

26 4469 27 4474 ,
106 4425 149 4473 ·²)
165 4423 189 4469 V
191 4423 277 4482 trgtl.
292 4422 376 4482 Eclog.
396 4425 416 4482 l,
429 4429 467 4472 63.

894 4482 987 4562 [Η]
