2900 5086
16 585 17 592 ἵ
102 623 105 633 “
229 635 233 648 ¹
309 611 444 672 'Onnes
463 608 562 692 itaque
578 609 815 674 'administrantes
838 609 946 671 iudicia
971 607 1127 670 seeundmn
1154 607 1235 692 leges
1262 621 1399 684 nostras,

332 725 405 786 quae
426 707 573 768 communi
596 713 725 765 tractatu
744 703 927 784 compositae
952 714 983 774 et
1007 703 1279 778 emendaturum,
1315 705 1400 765 inter

303 809 306 822 ·
328 799 569 881 Burgundionum
590 809 620 860 et
638 799 802 858 Romanum
822 796 969 876 praesenti
992 807 1125 876 ternpore
1143 793 1275 856 iudicare
1296 797 1397 858 debc-

327 891 410 952 bnnt.
430 919 467 943 -·
488 893 569 952 inter
588 893 737 952 Romanos
757 909 828 949 vero
847 923 885 936 -
906 889 1049 950 Romnum
1067 885 1174 963 tegata
1191 889 1396 970 praecipimus

327 985 458 1060 iudicari,
479 985 528 1064 qui
547 983 671 1044 sormam
691 995 722 1045 ct
740 981 953 1062 expositionem
975 981 1072 1062 legum
1089 980 1295 1058 conscriptam,
1319 1005 1394 1062 qua-

146 1063 149 1072 ’
236 1091 239 1098 ’
316 1077 393 1136 diter
418 1077 563 1150 iudicent,
592 1095 623 1137 se
649 1075 785 1136 noverint
810 1085 991 1156 accepturos.
1030 1071 1132 1154 Vergt.
1151 1071 1252 1132 Addit
1273 1073 1323 1150 11,
1344 1083 1392 1142 Μ

312 1169 385 1228 Ἦ.
404 1170 499 1230 xxtt.
519 1169 663 1244 Tit‘L'V,
682 1189 746 1250 cap.
765 1176 792 1233 t.

285 1263 411 1322 Glotorit
429 1261 520 1338 Regis
540 1261 721 1324 Constitutio
742 1259 819 1322 circa
838 1280 906 1321 ano.
924 1265 998 1336 56⁰,
1023 1277 1086 1339 cap.
1105 1263 1125 1324 4
1145 1257 1194 1318 bei
1217 1257 1389 1338 deorumst,

283 1354 380 1436 „Corp
400 1353 474 1416 Iuris
496 1355 675 1429 Germanici,
694 1375 723 1434 p.
743 1360 813 1420 tots

323 1449 407 1508 Inter
431 1447 580 1508 Romanos
594 1446 724 1530 negotia
754 1462 903 1508 causatum
927 1444 1067 1506 Romanis
1097 1441 1212 1526 legibus
1237 1447 1386 1529 praecipi-

322 1561 385 1600 mus
404 1540 562 1600 terminari.

285 1633 355 1694 Von
370 1631 597 1694 Theodorich‘i.
617 1631 735 1714 Kbnign
754 1649 813 1693 uon
832 1629 1012 1704 nostratim,
1030 1627 1161 1692 welches·
1186 1629 1235 1691 die
1254 1631 1384 1692 Gesetre

285 1728 339 1788 der
361 1725 421 1786 ibm
445 1726 670 1810 untergebenen
689 1727 815 1797 voluer,
841 1724 895 1782 der
916 1721 1089 1803 Ripoaricr,
1112 1721 1297 1784 Alemannen
1321 1726 1383 1784 und

283 1819 392 1880 Baiern
412 1831 508 1879 zuerst
526 1817 686 1880 schristlich
706 1813 900 1876 auineichnen
920 1815 1000 1890 liefr,
1020 1815 1109 1876 beiist
1128 1835 1158 1876 es
1177 1815 1217 1876 im
1233 1815 1382 1900 Prologus

284 1911 357 1996 begis
383 1909 497 1974 Saliene
521 1917 589 1992 p.8
612 1911 661 1971 bc'i
681 1909 808 1970 Eccard:
838 1907 942 1989 Elegit
971 1909 1050 1970 viros
1075 1908 1237 1988 sapientes,
1270 1909 1321 1988 qui
1351 1911 1381 1969 in

282 2025 377 2084 regno
401 2025 454 2064 suo
480 2005 593 2085 iegibus
619 2002 745 2084 antiquis
768 2000 874 2062 eruditi
898 2013 997 2076 erant,
1028 2002 1094 2082 ipso
1110 2011 1224 2060 ’autem
1253 2002 1380 2063 dictante

153 2123 160 2142 ν
282 2097 364 2158 iussit
386 2096 572 2158 conscribere
598 2094 695 2177 legens
718 2095 916 2170 Francorum,
944 2094 1175 2156 blemaonorum
1200 2103 1230 2154 et
1254 2095 1383 2158 Baioua-
1432 2103 1436 2178 t

162 2241 165 2250 ,
280 2191 407 2278 riorum,
432 2199 462 2248 et
480 2185 636 2268 unicuique
653 2186 755 2269 ¹genti,
780 2207 854 2266 quae
874 2188 905 2247 in
921 2187 986 2247 eim
1001 2197 1152 2268 potestate
1172 2195 1249 2260 crat,
1273 2207 1380 2246 secun-

152 2349 158 2362 Ι
283 2281 612 2370 dssmconsuetudinern
632 2301 728 2356 marn,
756 2279 924 2360 addiditque
943 2281 1093 2356 addenda,
1123 2289 1154 2340 et
1173 2279 1327 2360 improvisa
1348 2292 1380 2340 ct

281 2375 476 2456 incomposita
500 2373 672 2448 reservavit,
691 2383 732 2434 :et
757 2392 833 2451 quae
857 2383 941 2432 erant
960 2374 1118 2434 secundum
1138 2371 1378 2434 consuetudinem

281 2467 473 2554 paganorum,
492 2465 614 2528 mutauit
631 2465 790 2526 secundom
809 2463 907 2548 lepem
927 2465 1170 2554 Christianarum.

336 2559 471 2620 Anneius
489 2561 633 2621 Francos.
653 2581 702 2636 op.
721 2555 905 2622 Laesdcoo.
937 2555 1018 2620 Bttt.
1037 2559 1123 2624 van.
1145 2555 1274 2620 Vodob.
1294 2581 1321 2626 c.
1340 2561 1378 2636 V,

279 2673 338 2714 ron
358 2652 428 2712 Karl
448 2653 513 2714 dena
535 2653 679 2714 Grossen:

317 2746 484 2823 Imperator
502 2743 696 2826 congregarit
714 2743 828 2819 Duces,
849 2743 982 2805 Comites
1002 2758 1033 2806 et
1050 2746 1176 2824 reliquos
1196 2744 1374 2810 christianos

314 2834 446 2911 populos
473 2853 538 2892 cum
559 2833 797 2914 ¹legislatoribus,
828 2844 858 2894 ct
881 2833 968 2912 feeit,
996 2859 1098 2899 ornnes
1121 2835 1201 2921 leges
1221 2839 1257 2898 iu
1280 2863 1374 2924 regno

316 2921 449 3005 suodeffi
469 2934 500 2985 ct
523 2924 599 2985 tradi
619 2923 790 3005 cuicunque
809 2925 922 2988 homiui
942 2929 1139 3012 legem-suam
1159 2942 1190 2992 et
1206 2937 1374 3009 emendare,

313 3017 426 3097 ubique
445 3017 686 3092 neustssum'suiit2
716 3022 948 3083 etemeodatam
966 3023 1064 3107 legem
1081 3023 1210 3086 mribere
1229 3038 1259 3088 et
1275 3037 1307 3086 ut
1324 3025 1372 3086 iu-

312 3112 395 3172 dices
406 3133 469 3193 per
487 3111 623 3191 scriptam
637 3110 816 3173 iudicarent.

280 3205 405 3286 Capitol.
427 3205 451 3264 1.
470 3204 594 3280 sidon,
614 3225 638 3265 c.
653 3205 757 3277 :ttxvl
772 3207 824 3285 (S.
844 3207 923 3268 oben
941 3207 995 3272 Bu
1015 3208 1058 3284 11,
1076 3208 1109 3270 S.
1128 3211 1214 3289 182)=
1304 3227 1309 3240 ⁸

315 3301 359 3358 Ut
377 3295 485 3358 iudices
504 3299 662 3358 seeundum
682 3299 819 3380 scriptam
842 3298 940 3383 legem
963 3301 1039 3364 iuste
1062 3301 1208 3381 iudicant,
1233 3324 1299 3365 non
1320 3325 1369 3366 sc-

314 3391 440 3449 cundum
459 3389 609 3450 arbitrium
628 3412 719 3452 suum.

277 3480 379 3564 Vergi.
399 3481 547 3562 Merculfi
562 3483 661 3544 Form.
681 3484 707 3558 1,
726 3489 777 3550 1⁰2

312 3576 357 3634 Ut
376 3594 477 3636 omnes
497 3575 601 3655 popuii
620 3575 729 3636 ibidem
750 3589 979 3655 commorantes,
1009 3582 1209 3659 tam-Franci,
1231 3582 1365 3658 Romani,

182 3721 195 3737 „
287 3687 291 3698 ’
314 3667 554 3749 Burgundiones,
581 3689 666 3748 quam
693 3670 831 3750 reliquae
849 3672 983 3734 nationes
1008 3673 1061 3734 sub
1087 3685 1141 3734 tuo
1165 3677 1307 3758 regimine
1330 3697 1365 3736 ac

315 3759 529 3842 gubernatione
549 3763 659 3845 degant
671 3773 708 3823 et
723 3764 927 3840 moderentur,
952 3776 985 3824 et
1009 3786 1060 3827 sos
1084 3779 1167 3828 recto
1186 3769 1302 3830 tramite
1320 3790 1365 3831 se-

223 3899 225 3906 .
312 3851 439 3914 cundum
452 3853 554 3935 tegern
574 3868 605 3916 et
623 3855 862 3916 consuetudinem
882 3875 984 3918 eorum
1004 3879 1097 3941 negas.

274 3946 416 4007 Dassobbe
433 3963 498 4004 war
517 3947 569 4008 der
586 3949 650 4010 Fati
669 3961 757 4008 unter
776 3949 828 4008 der
842 3948 1014 4010 Herrschait
1031 3952 1084 4012 dor
1098 3953 1316 4036 Langobarden
1335 3955 1364 4014 in

275 4041 395 4100 Italicos
424 4037 465 4100 sie
488 4036 592 4100 diessen
613 4043 669 4102 den
688 4041 819 4101 lidmern
838 4040 885 4100 ihr
903 4039 1030 4120 Geretu,
1054 4045 1112 4106 wie
1132 4047 1206 4109 auch
1226 4047 1364 4106 auderen-

274 4132 342 4192 seits
360 4131 472 4201 wieder
491 4131 538 4192 dic
557 4132 762 4210 orantem-als
776 4134 822 4210 ⁸sie
834 4133 1019 4196 Oberitalien
1037 4136 1161 4199 erobort
1178 4138 1289 4216 hatten,
1308 4141 1363 4200 den

273 4223 487 4305 Langobarden
506 4224 552 4285 ihr
572 4225 680 4286 Gesctz
701 4227 894 4303 unbestritten
913 4227 1028 4290 diessen.

329 4311 497 4393 Insitpmnd
513 4315 591 4393 Rex,
619 4318 693 4399 Leg.
706 4320 779 4381 tior.
798 4322 858 4396 vt,
876 4306 914 4387 37
932 4343 979 4402 ap.
1002 4320 1170 4400 Georgiscls,
1191 4322 1284 4405 Corp.
1302 4323 1362 4384 Iun.

45 4400 49 4408 ’
273 4407 374 4470 Germ·
393 4430 423 4490 p·
441 4416 527 4488 nott,
546 4409 742 4490 montem,
763 4413 838 4474 Cod.
854 4414 927 4498 Leg-
946 4415 1058 4497 Aaou,
1076 4437 1105 4498 p.
1125 4423 1197 4484 576:
1306 4453 1321 4460 --
