2890 5092
761 415 852 494 lte
952 373 954 381 '

260 567 391 648 incidit;¹
415 573 512 636 Deum
538 583 635 636 antem
656 572 709 636 ubi
729 571 863 656 elingere
882 571 961 633 valet
980 571 1029 632 cui
1047 569 1146 636 omnia
1165 581 1281 636 secreta
1300 593 1371 633 ma·

261 665 367 729 nilesta
386 677 463 743 sunt,
484 667 534 748 qni
553 667 747 729 temeritatem
767 666 827 726 eius
847 666 890 726 ira
911 666 975 745 quis
995 664 1137 726 existimat
1148 664 1184 724 de
1196 683 1238 724 re.
1278 665 1370 739 Qua·
1425 691 1426 746 p

162 761 172 770 ⁹
261 773 386 842 propter
410 781 449 822 ne
475 761 602 842 populus
628 757 714 821 nobis
743 759 779 818 ad
804 758 968 840 regendum
997 758 1164 822 commissus
1194 757 1253 818 boc
1283 757 1371 818 malo

195 917 199 930 ,
261 866 373 933 pereat,
392 854 450 923 boc
471 851 722 932 omni'xdisciplina
742 850 870 912 devitare
891 850 1096 930 praevidimns;
1116 849 1183 930 quia
1202 869 1258 910 nos
1278 850 1370 910 nullo

159 935 168 1002 ¹,
260 943 351 1006 ruodo
371 945 517 1026 placatum
536 945 583 1006 vel
602 943 762 1026 propitium
781 941 912 1018 babebit,
932 941 983 1021 qni
999 942 1056 1002 sibi
1067 943 1165 1002 Deum
1177 941 1283 1018 iratum
1300 963 1369 1004 non
1426 985 1427 998 ,

184 1105 194 1122 ,
261 1035 477 1099 formidaverit:
496 1037 548 1100 sed
566 1037 729 1098 saevissima
749 1034 931 1095 districtione
941 1033 1089 1096 vindicare
1103 1035 1238 1096 volumus
1252 1035 1285 1095 in
1298 1056 1370 1095 eum
1426 1097 1427 1102 ,

262 1130 313 1210 qui
331 1130 438 1190 malum
458 1129 608 1191 homicidii
627 1151 711 1190 ausus
731 1127 820 1188 fuerit
838 1138 1018 1208 perpetrare.
1058 1127 1172 1188 Tamen
1197 1148 1236 1188 ne
1255 1147 1368 1208 pecca-

260 1233 324 1282 tum
344 1223 509 1298 adcrescat,
534 1233 564 1282 et
588 1221 739 1284 inimicitia
763 1221 884 1282 maxima
909 1219 987 1279 inter
1008 1219 1192 1282 Christianos
1220 1241 1284 1281 non
1304 1221 1369 1296 fiat,

260 1314 309 1376 vel
329 1316 468 1376 suadente
495 1315 613 1376 diabolo
635 1313 790 1376 homicidia
809 1313 1000 1395 contingant,
1025 1313 1120 1372 statim
1140 1334 1207 1375 reus
1227 1314 1264 1374 ad
1283 1335 1368 1374 snam

265 1409 502 1470 emendationem
522 1419 663 1482 recurrat,
682 1419 803 1488 totaque
816 1405 964 1468 celeritate
980 1417 1180 1485 perpetratum
1199 1405 1309 1466 malum
1329 1407 1368 1466 ad

261 1501 446 1582 propinquos
473 1499 605 1562 exstincti
621 1501 720 1584 digna
748 1499 961 1581 compositione
987 1499 1132 1560 emendet
1170 1501 1212 1560 Et
1236 1499 1294 1560 boc
1314 1500 1366 1559 fir-

261 1593 350 1654 miter
374 1593 545 1670 bannimus,
575 1605 609 1654 ut
632 1606 769 1674 parentes
794 1591 943 1654 interlecti
972 1611 1155 1672 nequaquam
1180 1592 1365 1654 inimicitiam

221 1681 225 1696 '
262 1705 351 1768 super
375 1686 557 1748 commissum
581 1686 687 1748 malurn
714 1689 860 1770 adaugere
885 1687 1026 1760 audeant,
1050 1705 1148 1766 neque
1172 1705 1276 1766 pacem
1301 1686 1365 1746 fieri

155 1857 158 1867 ⁴
261 1779 376 1858 petenti
396 1777 553 1862 denegare,
572 1779 623 1841 sed
643 1781 708 1841 data
728 1780 785 1842 lide
804 1791 934 1862 paratam
954 1777 1200 1858 compositionem
1219 1777 1364 1860 recipere,
1427 1777 1429 1820 ³

151 1943 156 1954 ⁸
198 1943 204 1948 p
263 1881 294 1932 et
304 1887 414 1952 pacem
435 1884 607 1954 perpetuam
619 1873 761 1950 reddere,
779 1893 880 1934 verum
900 1879 998 1931 antem
1021 1870 1129 1930 nullam
1148 1893 1262 1932 moram
1282 1894 1365 1934 conr-

262 1963 417 2044 positionis
437 1957 544 2026 iacere.
582 1964 643 2026 Ubi
664 1977 759 2026 autem
787 1965 845 2026 hoc
865 1975 1053 2046 peccatorum
1076 1964 1182 2025 merito
1203 1966 1366 2048 contigerit

262 2066 297 2114 ut
316 2056 380 2136 quis
399 2056 447 2118 vel
467 2059 570 2120 sratres
596 2057 643 2119 vel
663 2060 862 2140 propinquum
881 2079 963 2118 suurn
985 2057 1140 2134 occiderit,
1158 2059 1256 2120 statim
1275 2081 1307 2120 se
1329 2061 1365 2120 ad

261 2149 475 2228 poenitentiam
493 2151 550 2212 sibi
570 2151 762 2234 compositam
781 2150 877 2226 surpit,
896 2161 926 2210 et
945 2149 985 2210 ita
1004 2161 1037 2209 ut
1045 2149 1208 2233 Episcopus
1225 2151 1286 2214 cius
1307 2153 1365 2214 sibi
1429 2181 1430 2186 ¹

155 2275 158 2284 ·
263 2239 401 2320 disponat
419 2241 528 2324 absque
547 2243 607 2304 ulla
627 2243 836 2328 ambiguitate,
855 2243 906 2304 sed
924 2243 1041 2303 iuvante
1060 2241 1192 2304 Domino
1219 2245 1366 2324 perficere

263 2355 347 2394 suum
365 2336 526 2398 remedium
547 2339 678 2412 studeat,
700 2349 731 2398 et
749 2346 908 2416 componat
927 2335 1231 2396 occisum¹secundum
1250 2337 1364 2422 legem,

263 2438 295 2487 et
314 2447 380 2488 curn
398 2430 572 2512 propinquis
591 2430 649 2491 suis
668 2449 700 2488 se
721 2425 842 2489 omnino
864 2427 1062 2509 complaceat,
1082 2440 1113 2488 et
1133 2429 1198 2489 data
1218 2430 1275 2491 fide
1295 2433 1364 2492 nul-

262 2519 320 2580 lam
339 2520 520 2581 inimicitiam
540 2522 643 2582 exinde
662 2511 890 2582 movere'nenao
911 2521 1024 2584 audeat
1055 2521 1117 2597 Qui
1128 2534 1225 2584 autem
1244 2523 1362 2607 dignam

262 2611 498 2674 emendationem
518 2614 615 2676 facere
635 2615 860 2696 contempserit,
884 2615 1047 2676 hereditate
1066 2614 1197 2696 privetur
1215 2639 1308 2699 usque
1327 2620 1363 2680 ad

263 2705 401 2794 iudicium
420 2717 561 2768 nostrum.

296 2881 339 2936 De
352 2882 453 2938 incestis
469 2883 620 2954 puniendist
643 2900 667 2940 et
689 2888 723 2941 de
738 2887 868 2944 Friccone
886 2888 930 2961 qui
947 2887 1070 2944 incestum
1088 2891 1115 2946 in
1133 2877 1331 2946 Srnctimoniali

728 2973 890 3044 perpetrarit.

319 3065 458 3129 XXXIII.
501 3069 702 3134 Incestuosnm
727 3073 820 3136 scelus
845 3074 967 3137 omnino
998 3074 1198 3156 probibemus.
1243 3073 1362 3156 siquis

249 3171 359 3222 'autem
378 3160 504 3224 nefanda
523 3162 721 3226 fornicatione
745 3166 959 3252 contaminatus
984 3167 1088 3244 suerit,
1115 3169 1280 3230 nullatenus
1299 3169 1363 3229 sine

265 3255 449 3319 districtione
479 3256 560 3340 gravi
585 3256 742 3318 relaxetur:
769 3258 820 3318 sed
843 3259 943 3319 taliter
967 3280 1001 3320 ex
1025 3261 1082 3322 boc
1108 3253 1299 3342 corripiatur,
1331 3275 1364 3323 ut

263 3350 372 3410 caeteli
400 3361 510 3410 metum
535 3349 663 3412 babeant
685 3350 754 3410 talia
778 3353 987 3432 perpetrandi,
1015 3365 1049 3413 ut
1078 3353 1226 3416 auferatur
1245 3355 1363 3438 penitus

264 3439 445 3500 immunditia
464 3462 480 3499 a
500 3443 614 3522 populo
636 3443 821 3521 Christiano,
854 3457 883 3506 et
907 3459 940 3506 ut
966 3467 1032 3507 reus
1052 3467 1085 3506 ex
1105 3447 1162 3508 boc
1183 3467 1237 3528 per
1255 3449 1363 3528 poeni-

100 3553 105 3568 *
142 3570 162 3585 Α»
196 3543 200 3562 ·
262 3529 356 3591 tentia
381 3530 493 3590 amittat
519 3532 647 3612 pleniter
672 3535 747 3596 sicut
773 3537 801 3596 ei
820 3537 856 3598 ab
877 3537 1028 3619 Episcopo
1047 3559 1100 3599 suo
1121 3539 1308 3620 disponatur,
1335 3554 1365 3603 et

262 3622 364 3683 eadem
389 3621 497 3683 femina
522 3622 554 3682 in
582 3643 684 3687 manus
703 3640 859 3708 parentum
878 3629 916 3690 sit
935 3630 1092 3691 constituta
1118 3653 1210 3713 usque
1229 3633 1266 3693 ad
1285 3633 1365 3694 iudi-

263 3715 339 3778 cium
360 3726 500 3777 nostrum.
539 3715 572 3776 Si
592 3729 687 3778 autem
707 3719 845 3781 iudicium
864 3723 1006 3804 Episcopi
1025 3723 1062 3784 ad
1081 3745 1160 3785 suam
1178 3727 1363 3790 emendatio·

260 3825 330 3868 nem
350 3808 514 3870 consentire
533 3810 672 3887 noluerit,
691 3824 761 3874 tunc
781 3813 817 3874 ad
836 3827 966 3877 nostram
975 3819 1168 3900 praesentiam
1178 3821 1367 3898 perducatur,

259 3917 406 3960 memores
427 3901 550 3980 exempli
570 3905 650 3984 quod
670 3905 707 3966 de
726 3905 839 3991 incesto
860 3907 969 3970 lactum
1000 3921 1044 3971 est
1068 3911 1148 3992 quod
1166 3911 1271 3976 Fricco
1292 3933 1364 3993 per-

175 4073 181 4082 *
261 3992 388 4074 p'etravit
406 3991 438 4050 in
458 3990 680 4060 sanctimoniali
699 3997 778 4060 Dei'

328 4162 365 4218 Ut
383 4181 472 4218 omnes
488 4164 571 4235 parati
589 4165 640 4221 sint
656 4173 866 4244 quandocunque
883 4172 1003 4230 Domnus
1026 4175 1171 4248 imperator
1187 4176 1294 4231 iusserit.

317 4281 451 4342 XXXIV.
490 4284 534 4344 Ut
559 4304 661 4346 omnes
685 4287 813 4366 pleniter
835 4291 913 4352 bene
933 4292 1027 4372 parati
1045 4292 1106 4352 sint
1125 4292 1363 4372 quandocunque

235 4372 347 4460 ⁴iussio
371 4384 470 4438 nostra
490 4377 542 4438 'tel
568 4379 752 4442 annuntiatio
778 4384 936 4445 advenerit.
983 4384 1016 4444 si
1040 4385 1103 4464 quis
1122 4397 1219 4447 autern
1238 4397 1310 4448 tunc
1330 4407 1362 4448 se
