2900 5086
614 385 621 398 ι

453 489 500 526 ιι
670 451 847 526 -802

254 614 317 674 rins
334 611 485 674 uideamur
503 629 566 672 ease
584 611 707 693 ingrati,
736 611 890 677 servicium
908 611 971 672 eius
990 621 1195 694 augmentare,
1224 609 1313 670 bene
1337 620 1373 670 et

254 716 424 787 opportune
443 705 574 768 instituta
593 703 782 783 confirmare,
807 694 988 768 emendantia
1006 705 1185 780 reformare,
1204 715 1235 766 et
1252 704 1372 766 sedata

252 798 363 879 ubique
375 798 530 872 discordia,
547 817 659 878 pacem,
677 800 866 860 concordiam
875 811 905 860 et
913 797 1153 878 tranquillitatem
1166 817 1222 858 nos
1233 809 1371 878 oportet

253 903 426 954 resacrare.
473 891 589 950 l'dcirco
610 903 712 951 notum
731 893 769 952 sit
788 893 922 952 omnibus
942 889 1077 950 fidelihus
1102 891 1210 952 nostris
1230 911 1369 972 presen-

251 986 331 1046 tibus
349 983 461 1047 scilicet
481 997 511 1045 et
530 985 644 1060 futuris,
665 985 789 1065 qualiter
807 988 879 1046 Etto
898 982 1076 1046 venerabilis
1095 997 1194 1044 sancte
1211 985 1367 1066 Argenti-

162 1071 176 1087 *
215 1065 223 1082 ⁸
251 1079 349 1140 nenda
369 1079 493 1140 ecclesie
511 1079 686 1160 Episcopus,
705 1099 803 1140 secum
823 1079 969 1139 adducens
989 1078 1214 1159 apostolicos'
1187 1099 1267 1142 error
1283 1078 1365 1138 Lul-

251 1172 312 1232 lum
332 1171 539 1255 ldoguutinum
558 1168 822 1254 Metropolitanum
848 1181 879 1232 et
904 1167 1073 1232 Johannem
1093 1169 1363 1232 constantiensem

250 1266 432 1346 Episcopum
441 1265 488 1347 ²),
509 1283 606 1328 coram
626 1263 724 1326 multis
743 1265 944 1326 celsitudinem
964 1275 1092 1325 nostram
1113 1265 1193 1340 adiit,
1212 1264 1364 1327 flebiliter

253 1377 438 1438 conquerens
458 1379 577 1420 suorum
598 1358 738 1438 quosdam
762 1370 980 1419 autecessorum
999 1358 1217 1438 Episcoporum
1242 1357 1363 1418 scilicet

252 1469 318 1511 cam
337 1450 395 1514 auia
411 1449 582 1530 quibusdam
593 1447 763 1526 Canonicis,
782 1451 945 1531 Prepositis
957 1450 1102 1525 videlicet,
1121 1451 1260 1527 Decauis,
1281 1451 1360 1512 Edi-

249 1543 317 1620 tuls,
338 1541 523 1620 Camerariis,
544 1542 723 1604 Cantorihus
744 1555 774 1603 et
791 1541 979 1604 Scholasticis
995 1543 1188 1604 ecclesiastica
1205 1556 1358 1624 potestate

249 1651 364 1700 tantum
383 1636 480 1713 abuti,
511 1649 544 1697 ut
569 1657 634 1698 oum
660 1637 805 1698 deberent
823 1635 982 1696 simoniace
1002 1637 1112 1698 heresis
1129 1637 1192 1698 veri
1212 1639 1357 1719 exstirpa-

248 1743 329 1793 tores
354 1751 432 1806 esse,
461 1730 664 1811 imprudenter
689 1728 790 1790 ellecti
814 1728 873 1788 sint
896 1729 1030 1790 iniuriosi
1057 1730 1239 1793 defensores.
1277 1733 1356 1793 Nam

247 1825 280 1886 in
302 1825 431 1888 dacione·
447 1825 662 1905 prebendarum
682 1823 735 1884 sub
756 1821 920 1882 oblacionis
939 1821 1061 1882 nomine
1081 1823 1163 1903 quasi
1187 1844 1244 1903 pro
1268 1845 1353 1885 com-

249 1917 331 1978 muni
356 1916 481 1978 utilitate
506 1917 649 1976 infinitam
672 1915 827 1996 pecuniam
854 1915 1024 1996 exigebant,
1055 1935 1142 1996 quam
1172 1937 1235 1976 non
1261 1929 1353 1998 prout

249 2031 324 2091 opus
345 2021 408 2072 erat
427 2007 575 2084 fratribus,
594 2009 645 2069 sed
664 2010 822 2070 secundum
833 2029 994 2088 paucorum
1009 2009 1228 2088 praedictorum
1242 2011 1352 2072 volun-

247 2109 349 2180 tatem,
368 2101 425 2165 sihi
444 2114 557 2162 tantum
578 2103 765 2183 providentes
784 2101 913 2163 interce
933 2103 1059 2162 latenter
1079 2103 1257 2170 dividebant.
1290 2104 1352 2165 Sed

249 2213 316 2258 aum
335 2215 425 2256 omne
439 2213 536 2287 genua
556 2195 681 2261 simonie
700 2196 736 2256 ab
757 2196 888 2256 Adriano
909 2195 1032 2275 Papa³)
1056 2195 1173 2276 suisque
1193 2198 1350 2278 predeces-

247 2288 363 2352 soribus
383 2290 585 2370 dampnatum,
605 2309 639 2350 ac
659 2289 835 2351 omnimodis
855 2299 1035 2368 amputatum
1056 2291 1261 2371 cognorimus,
1279 2291 1347 2372 pla-

248 2383 309 2444 cuit
328 2393 429 2444 nostrc
441 2394 485 2443 ,et
507 2383 667 2443 astancium
691 2379 894 2462 providentie}
926 2380 1050 2461 praefati
1069 2382 1188 2445 Ettonis
1207 2385 1349 2466 Episcopi

247 2475 397 2554 querelam
417 2476 459 2536 sic
478 2477 610 2536 modeste
632 2487 661 2534 et
681 2475 794 2535 utiliter
812 2485 988 2554 temperare,
1007 2494 1046 2535 ne
1066 2473 1205 2537 utilitates
1226 2480 1347 2542 ecclesie

245 2587 365 2649 prorsus
391 2567 732 2650 videamur'destruere,
763 2567 811 2630 vel
838 2568 963 2630 decretis
987 2577 1102 2646 patrum
1130 2579 1243 2632 temere
1276 2593 1346 2634 con-

222 2665 343 2724 λιιιιίιιι.
373 2663 491 2744 Rogatu
510 2661 601 2744 igitur
619 2663 742 2722 sralrtrm
762 2661 889 2721 eiusdem
907 2659 1059 2740 Episcopii
1079 2671 1109 2722 et
1128 2665 1252 2726 consilio
1273 2669 1346 2730 mul·
1432 2719 1433 2730 ,

245 2765 344 2814 torum
368 2775 471 2833 pacem
499 2767 529 2814 ct
550 2755 741 2815 concordiam
765 2753 965 2832 diligentium,
997 2769 1031 2812 ac
1056 2755 1180 2835 provido
1201 2777 1345 2824 consensu
1432 2753 1433 2792 l

211 2926 215 2936 ‚
244 2848 463 2954 Episcoporum
482 2846 560 2904 Lulli
580 2844 716 2904 videlicet
734 2843 914 2924 Mogontini,
933 2845 1052 2906 Ettonis
1073 2861 1104 2908 et
1113 2850 1269 2930 iohannis,
1287 2864 1344 2916 sla-

244 2937 351 3000 tuimus
372 2947 402 2998 et
421 2937 513 3020 regali
532 2949 632 2997 nostra
652 2937 826 2997 auctoritate
854 2938 1106 3018 confirmavimus,
1138 2949 1306 3024 quatenus'
1294 2969 1341 3006 rn-

245 3033 475 3114 gredienter,'
452 3055 476 3093 sr
503 3031 585 3112 digni
604 3031 771 3092 iudicentur
790 3031 927 3108 scientia,
953 3034 1085 3096 moribus
1106 3047 1136 3096 et
1156 3059 1278 3122 genere,
1302 3063 1341 3103 ne

245 3137 407 3208 appareant
425 3120 510 3186 vacui
529 3125 560 3184 in
581 3135 741 3204 conspectu
759 3124 897 3199 Domini,
924 3128 960 3186 de
979 3128 1092 3204 allode,
1117 3144 1256 3210 quantum
1274 3133 1341 3195 Deo

244 3223 406 3304 inspirante
430 3220 595 3295 voluerint,
625 3219 712 3278 matri
732 3217 855 3280 ecclesie
876 3219 984 3280 devote
1003 3221 1149 3300 tribuant,
1178 3225 1267 3288 vel
1244 3247 1268 3286 ιι
1285 3225 1340 3289 hoc

245 3316 388 3396 deluerit,
412 3326 525 3395 septem
548 3313 637 3374 libras
657 3312 734 3372 illius
753 3324 873 3372 monete
899 3313 930 3372 io
956 3313 1107 3376 caritatem
1135 3329 1165 3377 et
1190 3341 1342 3384 commuue

244 3409 367 3468 fratrum
393 3407 579 3468 commodum
605 3405 770 3468 voluntario
797 3404 945 3480 offerant,
976 3409 1009 3468 ut
1028 3409 1098 3470 inde
1118 3413 1213 3472 nostri
1231 3435 1337 3478 mento-

242 3499 317 3559 riam
342 3509 479 3580 agentes,
508 3498 629 3559 alacrius
654 3497 834 3560 rosulentur.
872 3500 1037 3581 Episcopus
1060 3523 1132 3569 vero
1159 3517 1190 3566 et
1210 3510 1339 3589 preposi.
1413 3566 1416 3575 ,

243 3601 305 3666 tus,
334 3611 372 3650 ne
391 3589 474 3650 huius
494 3590 621 3651 caritatis
646 3592 789 3656 immunes
816 3593 994 3671 habeantur,
1020 3615 1085 3656 cum
1105 3597 1167 3658 sint
1183 3600 1337 3663 dominiet

243 3683 385 3764 magistri,
403 3683 496 3744 trihus
516 3683 608 3746 unciis
635 3685 697 3745 auri
722 3686 878 3747 donentur.
917 3687 1116 3769 Praecipimus
1142 3711 1276 3773 quoque,
1301 3715 1337 3756 nc

244 3775 385 3838 defuncto
405 3777 505 3854 priore
530 3777 648 3839 aliunde
666 3779 803 3855 veniens,
834 3779 885 3840 sed
906 3781 972 3842 de'
962 3782 1050 3860 apsius
1071 3783 1194 3844 ecclesie
1219 3787 1335 3868 gremio,

242 3871 267 3932 si
286 3867 434 3959 reperitur
452 3869 575 3930 adoneus
585 3871 760 3952 Eprscopus,
778 3871 918 3956 eligatur,
937 3873 1030 3934 sed
1007 3893 1032 3932 ss
1050 3874 1146 3936 nullus
1166 3877 1209 3937 ibi
1229 3879 1336 3961 diguus,

244 3965 324 4044 quod
347 3962 466 4022 minime
491 3964 649 4040 credimus,
678 3965 857 4040 inveniatur,
887 3977 960 4027 tunc
984 3968 1109 4048 primum
1130 3971 1205 4032 alter
1223 3973 1334 4035 aliunde

242 4068 412 4138 assumatur,
431 4057 471 4116 ita
490 4067 589 4116 tamen
609 4079 646 4120 ne
666 4059 799 4120 Romana
819 4059 965 4142 Maiestas,
983 4061 1031 4121 vel
1050 4063 1157 4146 regalis
1176 4063 1274 4126 henoc
1291 4067 1335 4127 ol-

242 4149 388 4210 lendatur.
428 4147 527 4228 Quem
546 4149 635 4210 talem
656 4174 716 4214 esse
737 4175 897 4230 censemus,
922 4176 972 4236 qur
964 4153 1099 4216 habeat
1117 4158 1176 4218 vite
1196 4161 1334 4238 moritum,

241 4243 384 4322 sapientie
404 4243 582 4321 doctrinam,
612 4247 788 4324 castitatem,
812 4248 1016 4325 sobrietatem,
1042 4269 1105 4310 non
1130 4250 1167 4310 sit
1185 4251 1332 4313 turbulen-

241 4345 303 4409 tus,
327 4355 389 4395 uon
412 4330 584 4418 iracundus,
610 4351 640 4400 et
665 4353 776 4420 quanto
800 4343 891 4423 magis
919 4353 1087 4419 extraneus,
1118 4354 1201 4405 tanto
1237 4345 1331 4405 melius

240 4437 385 4506 moratus,
425 4433 563 4510 providus
600 4443 630 4496 et
665 4434 880 4511 consideratus,
924 4455 979 4497 nec
1015 4448 1130 4517 patrum
1167 4437 1330 4502 traditiones
