2890 5092
517 422 786 499 ¹221'

257 583 391 652 Pleiades
411 583 563 664 etlaptae
581 584 639 646 sibi
658 585 838 668 uirginitatis
858 585 1007 648 honorem

253 677 399 740 Excusant
418 678 523 760 grandi
543 677 690 758 exemplo,
709 679 863 758 spectabat
883 680 920 742 ab
940 683 1023 744 astris

197 771 204 782 '
252 772 344 834 Sueta
364 770 527 850 capistratis
545 771 657 831 vectari
676 771 706 828 in
725 771 849 853 tigribus
869 796 944 837 uxor

176 871 237 933 455
256 863 430 948 Thyrsigeri
448 861 579 924 formosa
598 863 668 940 Dei,
688 885 753 924 eum
773 867 901 949 coniuge
921 867 1060 950 Cepheus

253 957 401 1036 Claraque
423 954 565 1036 Cassiope
585 957 695 1016 sortem
715 957 815 1020 videre
835 961 962 1038 puellam

249 1053 298 1111 Ire
323 1069 378 1130 per
397 1047 533 1110 hibernas
553 1070 673 1124 noctes,
694 1051 838 1130 onerique
858 1053 1000 1114 misellam

250 1147 406 1226 Ingemere
427 1153 458 1202 et
477 1141 546 1211 laris
565 1143 634 1206 hinc
653 1143 737 1205 illinc
757 1143 887 1222 pendula
905 1146 986 1236 vittis

143 1262 147 1270 “
252 1235 348 1298 Crura
366 1247 469 1296 tenere
490 1257 588 1313 manu,
607 1257 663 1298 nec
682 1236 815 1298 fastidire
835 1237 978 1300 laborem.

172 1339 233 1401 460
292 1330 388 1409 Atque
409 1349 442 1390 ea
461 1329 560 1390 fallaci
578 1331 701 1410 geminis
722 1331 791 1396 dum
809 1342 900 1393 nocte
919 1341 1073 1413 geruntur,

252 1423 391 1500 Quamvis
409 1423 586 1504 tranquillae
606 1423 744 1484 donasset
761 1425 894 1486 membra
914 1425 1006 1505 quieti

248 1517 312 1577 Rex
333 1515 469 1590 Carolus,
488 1515 565 1576 iacet
583 1516 737 1592 insomnis,
757 1517 828 1596 quin
847 1517 973 1598 plurima
991 1537 1110 1580 vemens

157 1607 160 1612 ’
247 1611 422 1692 Regnorum
442 1609 581 1688 expendit
600 1631 692 1686 casus,
712 1611 878 1672 discrimina
898 1610 981 1688 belli,
1131 1605 1136 1616 ’

248 1703 351 1764 Martis
371 1723 456 1782 opus,
477 1703 592 1781 quantis
612 1704 683 1764 alibi
701 1725 732 1766 se
752 1704 863 1768 viribus
883 1708 1009 1768 Hunnus

170 1803 230 1868 465
248 1797 364 1880 Erigat,
384 1796 576 1876 adversasque
596 1799 672 1859 acies
692 1810 828 1880 opponat
847 1791 962 1875 Iberus,

251 1890 385 1974 Colligat
402 1889 487 1952 Albis
506 1911 583 1970 spes,
604 1911 678 1971 quae
698 1904 823 1972 poscant
842 1891 964 1954 foedera
983 1891 1091 1968 Mauri,

250 1985 333 2060 Quas
353 2005 415 2042 aras
435 1995 553 2060 statuat,
573 2006 647 2064 quac
667 1999 789 2068 surgant
806 1984 1070 2066 templaqTonanti

245 2079 283 2138 In
304 2075 437 2152 Sorabis,
455 2075 561 2156 quibus
581 2077 713 2140 occultae
732 2101 935 2141 mansuescere
955 2089 1059 2161 gentes

247 2170 406 2250 Obsequiis
425 2171 571 2250 iussisque·
587 2182 706 2251 queant.
744 2167 835 2231 Haec‘
847 2173 937 2232 corde
955 2173 1102 2250 volutans,

168 2271 227 2332 tto
245 2265 325 2324 Dum
346 2265 430 2348 sugat
447 2265 587 2346 ignarum
606 2283 719 2344 pernox
737 2263 889 2346 vigilantia
911 2284 1058 2340 somnum,

246 2359 380 2436 Proripit
400 2379 416 2417 e
436 2368 527 2417 strato
549 2377 656 2438 corpus
675 2357 849 2438 foribusque
868 2356 989 2418 reclusis

249 2450 385 2529 Adspicit
404 2451 522 2532 ignarus
541 2449 659 2530 lepidae
679 2451 846 2533 spectacula
865 2470 982 2526 scenae,

248 2543 293 2602 Ut
310 2541 576 2624 teneragraudem
595 2543 685 2604 libret
706 2544 821 2604 cervice
839 2546 951 2606 tenella

242 2637 338 2717 Virgo
358 2635 462 2710 virum,
482 2635 579 2724 noctis
597 2637 708 2714 medio,
728 2651 894 2726 uentosque
915 2640 1046 2722 geluque

170 2735 229 2796 475
249 2729 379 2809 Spernat
399 2741 429 2788 et
448 2727 571 2790 infestae
592 2731 727 2812 glacialia
747 2731 860 2813 frigora
881 2732 1013 2794 brumae.

139 2819 153 2845 '
253 2822 340 2881 Ilicet
360 2821 486 2882 excubiis
501 2817 608 2904 ¹uigiles
628 2825 757 2901 arcessit,
777 2835 807 2885 et
826 2827 928 2888 ambos

244 2915 331 2975 Stare
355 2914 451 2989 iubet,
470 2937 525 2976 nec
545 2917 624 2976 serre
644 2919 781 3000 gradum:
802 2920 915 2998 captiva
934 2932 1055 2982 tenetur

245 3007 353 3070 Infelix
372 3010 485 3084 Emma,
501 3021 593 3088 ,atque
613 3009 741 3070 humeris
762 3012 897 3072 decussus
918 3006 1016 3072 amicis

243 3101 388 3174 lacubus,
408 3103 555 3184 obgannit
573 3104 720 3182 deprenso
741 3101 825 3164 miles
839 3104 965 3180 amanti,

163 3196 444 3278 =4801ndulgetque
464 3197 547 3258 iocis.
587 3195 702 3256 Tunica
721 3196 816 3257 velata
835 3198 976 3274 recincta,

188 3328 192 3340 «
247 3288 394 3366 Collaque
424 3290 564 3350 succiduo
584 3290 694 3350 circum
713 3290 835 3350 ludente
855 3289 964 3368 capillo

241 3380 365 3442 Adstitit
386 3393 454 3440 ante
475 3382 577 3442 oculos
597 3381 688 3462 patris
708 3381 901 3442 moestissima
921 3383 1019 3466 virgo,

251 3473 373 3554 Oraque
394 3473 447 3534 fixa
467 3472 532 3534 solo
552 3474 683 3534 retinens
704 3473 840 3556 deplorat
860 3497 983 3554 amores,
1030 3533 1037 3557 x

205 3593 209 3610 ·
248 3567 434 3648 Consiliique
454 3567 559 3648 inopes
582 3577 612 3626 et
630 3566 734 3628 stultos
756 3570 882 3630 devovet
901 3571 993 3653 ignes.
1020 3645 1022 3650 Ι

168 3666 228 3728 485
249 3662 317 3722 Stat
336 3661 412 3720 iuxta
433 3661 554 3742 pavidus
574 3660 711 3740 scriptor,
730 3664 926 3744 praetendere
947 3666 1041 3726 nescit

203 3783 209 3796 ·
240 3755 308 3835 Ipse
327 3755 372 3816 sui
391 3755 476 3816 iudex
496 3755 626 3830 animus,
648 3755 804 3836 pallorque
824 3768 984 3817 nocentem

243 3848 362 3930 Arguit,
383 3860 413 3908 et
431 3849 507 3910 versi
528 3861 678 3908 commoto
699 3871 715 3908 a
737 3849 862 3910 Caesare
883 3849 987 3912 vultus.

246 3941 287 4000 At
306 3953 391 4020 pater
410 3943 562 4023 ingentem
581 3961 699 4002 servans
719 3940 772 4000 sub
794 3944 887 4002 corde
905 3943 1051 4021 dolorem,
1149 3980 1154 3988 =

245 4033 458 4114 Attonitusque
478 4047 588 4116 stupet,
606 4035 739 4114 tantique
759 4035 791 4094 in
810 4035 917 4118 virgini
939 4020 1019 4098 dasus

165 4133 225 4196 490
245 4127 371 4207 Sceptra
391 4128 474 4206 loqui
494 4128 673 4208 prohibent,
692 4149 772 4188 nunc
791 4128 900 4189 lumina
919 4141 1042 4209 torquet
1060 4131 1091 4188 iu
1110 4129 1200 4208 illam,

248 4221 337 4280 Nunc
356 4220 438 4280 illum
457 4232 557 4282 torvus
579 4219 837 4302 formidandusque
858 4234 966 4282 tuetur.

150 4359 160 4380 ..,
242 4313 308 4374 Ter
327 4313 406 4394 pede
425 4312 524 4394 pulsat
541 4295 661 4374 humum
680 4313 831 4391 frendens,
850 4315 1002 4395 adspectat
1020 4329 1160 4398 amantes,

239 4406 406 4471 Discinctas
427 4406 463 4470 ab
484 4427 585 4495 amore
605 4419 700 4494 togas,
718 4408 862 4476 velamina
882 4409 991 4472 circum

800 4645 806 4676 Ι
869 4657 871 4664 .
