2908 5094
582 449 727 520 loe

64 606 229 680 cardones,
248 603 329 667 fabas
339 606 475 682 maiores,
487 605 568 686 pisos
579 607 756 685 mauriscos,
763 607 961 687 coriandrum,
977 613 1176 690 cerfolium),

65 698 229 758 lacteridas
245 701 292 778 ²),
318 701 486 774 sclareiam,
511 711 541 760 et
565 698 619 758 ille
634 700 808 764 hortulanus
824 702 933 764 babeat
951 725 1040 786 super
1058 707 1176 770 domum

64 811 150 850 suam
173 791 255 852 lovis
274 793 397 872 barbam
412 795 452 866 ³)
480 791 529 851 De
549 779 703 853 arboribus
719 796 853 860 volumus
874 799 955 880 quod
973 797 1113 860 babeant
1110 819 1176 879 po·
1202 869 1207 878 .

62 883 179 944 marios
200 884 311 946 diversi
331 884 466 992 generis,
483 882 650 960 sorbarios,
668 889 863 968 mespilarios,
883 903 1089 968 castanearios,
1108 913 1177 973 per

62 977 191 1036 sicarios
213 977 328 1039 diversi.
341 977 474 1060 generis,
500 979 683 1040 cotoniarios
699 981 758 1059 ⁴),
773 985 980 1061 avellanarios,
1010 985 1177 1046 amandala-

62 1069 144 1144 rios,
164 1071 331 1148 morarios,
349 1071 464 1149 lauros,
482 1071 584 1152 pinos,
602 1072 692 1147 licus,
711 1075 862 1152 nucarios,
886 1079 1048 1140 ceresarios
1071 1077 1177 1140 diversi

65 1164 204 1244 generis.
236 1165 382 1225 Malorum
398 1165 528 1240 nomina,
550 1165 759 1248 Gormaringa,
780 1166 973 1254 Geroldinga,
994 1170 1178 1247 Crevedella,

65 1257 211 1335 spirauca
226 1258 268 1337 ⁶),
289 1259 392 1334 dulcia,
412 1258 550 1334 acriores,
570 1259 669 1322 omnia
689 1261 851 1322 servatoria
871 1269 907 1322 et'
919 1263 1016 1324 subito
1035 1285 1178 1325 commes-
1218 1325 1221 1332 ,

63 1369 147 1408 sura.
190 1349 333 1412 Primitiv.
370 1347 430 1412 Per
449 1352 544 1414 ariciis
564 1354 734 1428 servatoria,
753 1353 843 1412 trium
860 1355 893 1434 ⁶)
913 1365 943 1416 et
962 1368 1094 1435 quartum
1114 1357 1177 1426 Ge-

65 1463 137 1517 nus,
158 1441 317 1519 dulciores,
336 1455 367 1506 ct
380 1445 537 1506 cocciores
557 1457 587 1506 et
606 1445 737 1508 serotina
750 1446 791 1523 ⁷).

547 1809 706 1883 XXXlll

220 1934 478 2014 &opitulare
500 1924 679 2014 primuni
701 1937 798 1994 marl
807 1935 1009 2006 nvom,
1076 1925 1080 1932 ’
1136 1925 1140 1932 “
1263 1993 1270 2014 -.

67 2020 123 2072 sive
141 2019 243 2071 Charta
261 2017 391 2071 divisionis
409 2033 480 2084 regnu
472 2020 684 2074 &ancorum'
675 2035 741 2074 mter
758 2023 898 2088 Kar-olum,
922 2021 1064 2093 Pippinutn
1088 2035 1114 2074 at
1129 2019 1181 2072 bu
1246 2056 1249 2066 ·

205 2168 209 2178 ι
302 2100 433 2164 doricum,
450 2103 519 2155 lilios
536 2103 626 2156 Kar-oli
642 2105 732 2172 Magni
749 2105 959 2176 Imperatoris⁸)

130 2235 169 2293 In
191 2233 313 2296 nomine
333 2235 439 2312 Patris,
460 2247 490 2296 et
508 2233 588 2312 Fssii,
609 2247 640 2296 et
660 2227 786 2318 Spiritus
807 2238 911 2298 Sancti
929 2239 1182 2317 ImperatorCae-

70 2349 119 2388 sar
138 2324 278 2406 Karalus,
297 2329 359 2388 Rex
378 2326 561 2390 Francorum
581 2327 796 2405 invictissimus,
816 2339 846 2388 et
856 2329 983 2388 Romani
998 2329 1111 2391 Rector
1123 2332 1183 2390 Im·
1210 2322 1214 2330 i

72 2421 165 2500 perii,
186 2421 262 2502 pius,
281 2421 359 2497 lelix,
378 2443 412 2482 ac
430 2421 629 2504 triumphator
648 2442 766 2504 semper
785 2431 935 2509 augustus,
956 2411 1092 2482 omnibus
1111 2419 1184 2481 tide-

71 2513 152 2588 libus
174 2527 292 2591 sanetae
311 2515 371 2574 Dei
395 2515 561 2592 Ecclesiae,
587 2525 617 2574 et
637 2525 748 2592 cuncto
765 2515 878 2596 populo
910 2513 1073 2591 catholico,
1098 2535 1184 2595 prae-

73 2605 150 2666 senti
173 2618 205 2666 et
224 2607 339 2683 futuro,
368 2607 499 2692 gentium
520 2627 554 2668 ac
578 2607 730 2667 nationum
758 2629 832 2688 quae
852 2607 905 2668 sub
927 2609 988 2668 eius
1008 2607 1134 2688 imperio
1156 2620 1204 2686 ct,
1227 2682 1229 2686 ι

73 2699 221 2782 regimine
242 2699 418 2762 constitutae
438 2712 514 2761 sunt.
554 2699 639 2760 Sicut
658 2700 793 2761 omnibus
813 2701 898 2762 vobis
918 2713 1022 2762 notum
1049 2721 1128 2777 esse,
1156 2711 1186 2762 et

71 2794 227 2872 ¹neminem
245 2805 372 2855 vestrum
396 2795 489 2856 latere
515 2793 658 2854 credimus
680 2794 830 2874 quomodo
850 2813 906 2854 nos
926 2795 1029 2860 divina
1045 2793 1184 2858 Clemen-

76 2887 124 2962 tia,
146 2889 229 2948 cuius
249 2899 322 2946 nutu
341 2888 377 2946 ad
393 2907 534 2968 'occasum
553 2888 704 2948 tendentia
724 2887 821 2950 secula
841 2908 896 2968 per
914 2879 1114 2950 successio'nes
1131 2912 1184 2974 ge-

77 2983 265 3043 nerationum
289 2991 480 3060 reparantur,
509 2991 568 3040 tres
592 2980 679 3040 nobis
705 2981 802 3040 dando
828 2981 916 3056 filios,
934 3001 1044 3064 magno
1064 2984 1185 3044 misera·

78 3075 165 3134 tionis
188 3098 223 3136 ac
243 3073 459 3134 benedictionis
480 3093 548 3132 suae
575 3065 677 3134 ditavit
695 3093 827 3148 munere,
848 3073 915 3152 quia
930 3093 1059 3154 percos,
1080 3075 1185 3135 secun-

80 3167 144 3226 dum
165 3179 236 3229 vota
256 3179 367 3242 nostra,
388 3179 418 3226 et
438 3186 521 3246 spem
541 3176 675 3225 nostram
696 3165 732 3226 de
746 3169 848 3248 'regno
869 3165 1064 3240 confirmavit,
1084 3179 1114 3225 et
1134 3163 1186 3224 eu-

79 3281 136 3319 ram
159 3260 304 3320 oblivioni
325 3260 477 3339 [obnoxiae
510 3259 690 3340 posteritatis
717 3259 858 3320 leviorem
885 3259 972 3332 lecit,
1007 3255 1048 3344 ita
1074 3249 1112 3315 et'
1129 3255 1186 3318 hoe

80 3355 161 3415 vobis
182 3363 288 3413 notum
313 3351 377 3410 ficri
401 3353 535 3411 volumus
561 3353 642 3430 quod
667 3352 804 3410 cosdem
805 3369 860 3428 per
879 3347 940 3408 Dei
965 3347 1088 3430 gratiam
1108 3349 1184 3412 filios

81 3459 196 3508 nostros
205 3443 310 3534 ..regni
335 3443 438 3516 aDeo
459 3443 545 3503 nobis
566 3441 715 3516 concessi,
745 3441 876 3502 donec
866 3464 897 3502 ιιι
923 3463 1052 3523 corpore
1077 3466 1184 3522 sumus,

84 3550 199 3620 etpost
219 3551 352 3598 nostrum
373 3535 409 3596 ab
430 3537 484 3597 hac
504 3533 682 3595 mortalitate
703 3535 870 3612 discessum,
889 3535 974 3598 huius
993 3523 1091 3600 aDeo
1112 3561 1185 3599 con-

84 3632 217 3694 servandi
227 3631 323 3709 Regni
342 3629 388 3690 vel
399 3631 521 3710 Impenr
530 3629 625 3690 nostra
644 3629 767 3692 heredes
787 3629 1010 3710 relinquere,'
987 3652 1011 3690 s1
1027 3631 1068 3692 sic
1088 3631 1186 3694 divina

84 3725 214 3786 maiestas
233 3721 373 3800 innuerit,
394 3727 540 3803 optamus:
561 3743 623 3782 non
643 3735 676 3783 ut
695 3723 818 3784 confuse
838 3737 926 3806 atque
937 3724 1116 3804 inordinate,
1136 3739 1187 3787 aut

86 3817 135 3876 sub
154 3821 247 3881 totius
266 3815 351 3900 regni
371 3815 589 3890 dominatione,
612 3815 699 3898 iurgii
726 3817 958 3878 controversiam
978 3817 1019 3878 eis
1038 3820 1185 3900 relinqua·
1261 3869 1263 3876 ι

86 3930 156 3987 mus,
174 3913 226 3974 secl
245 3911 322 3984 trina
342 3909 502 3990 partitione
528 3919 622 3970 totum
647 3909 732 3992 regni
759 3931 865 3991 corpus
893 3911 1069 3990 dividentes,
1099 3918 1185 3992 quam

128 4062 147 4110 ¹)
160 4061 257 4108 Karbai,
283 4085 308 4096 -
335 4063 358 4112 ²)
376 4061 536 4122 Springvvura.
558 4061 695 4118 &prorata
712 4061 829 4122 balbutie.
1144 4101 1146 4110 .

125 4127 149 4226 :l
162 4128 321 4244 {torremur-t.
340 4128 511 4185 compassivum
526 4135 644 4174 tactorum.
675 4153 698 4164 -
725 4128 748 4182 ⁴)
763 4129 865 4185 Quitten,
890 4157 916 4168 -
943 4135 966 4186 Ι)
979 4127 1135 4190 Speieriipiel.

126 4196 345 4310 lidalbiili'ilwol
358 4263 428 4305 laeuus
448 4261 491 4306 der
503 4261 666 4318 nanartung,
686 4261 763 4306 desa'
756 4277 780 4306 ιιι
798 4263 885 4309 dieiern
902 4259 1089 4320 capistratis
1109 4261 1184 4307 bend·

89 4322 226 4374 acbril'tliube
240 4329 337 4371 Leaeevt
348 4339 425 4386 gener
440 4328 633 4386 wiedergegabau
645 4329 760 4372 worden
753 4336 791 4373 rat
814 4331 869 4376 Wie
877 4329 1034 4374 Friedriultd.
1047 4326 1076 4378 G.
1091 4329 1183 4376 sebrieb
1216 4381 1223 4398 .

92 4385 237 4439 isthetannt.
265 4395 330 4438 arch
343 4391 439 4438 Karld
455 4393 483 4442 (i.
501 4393 543 4436 bat
562 4393 605 4436 das
616 4393 722 4450 ltecbt,'
712 4407 736 4436 ιιι
749 4396 855 4454 eigeneru
870 4393 1027 4442 errantem
1040 4397 1181 4456 mebeincn.

125 4457 147 4509 ⁸)
162 4459 298 4519 Walter,
320 4461 429 4519 amus*
419 4460 477 4505 ruris
493 4459 625 4506 warna
636 4461 735 4519 audura,
747 4461 819 4518 11‚p.
838 4463 910 4506 21⁵-
915 4453 967 4508 220
