2960 5094
125 556 260 632 versitas,
279 565 367 634 atque
387 553 449 612 eius
469 552 646 632 periurium
644 551 832 612 declaratum
852 561 905 611 est
947 548 1094 629 Antiquos
1113 553 1222 646 qnippe

127 649 244 710 humani
263 647 381 730 generis
392 645 484 706 hostis
503 645 684 707 diabolus'
657 667 718 707 erus
737 647 880 746 perfidum
899 641 1005 702 invasit
1023 664 1086 720 cor,
1106 656 1137 705 et
1147 666 1222 726 quae

125 741 177 801 sub
196 741 316 802 vinculo
327 739 502 802 sacramenti
522 739 673 800 adfirmata
687 753 763 816 sunt,
783 737 868 800 irrita
885 736 1030 798 facere
1001 757 1076 798 risus
1088 749 1146 800 est·
1166 759 1223 802 nee

123 833 211 894 unius
235 835 314 894 enim
339 833 429 915 palmi
452 844 548 892 terrae
573 831 699 912 spatium
714 832 751 892 Β.
771 834 864 894 Petro
890 844 1066 912 sanctaeque
1085 831 1145 893 Dei
1163 833 1223 894 Ec-

124 926 245 1001 clesiae,
268 927 317 989 vel
342 925 522 1006 reipublicae
540 925 745 985 Romanorum
763 927 886 987 reddere
911 947 1011 1006 passus
1030 936 1083 987 est.
1106 927 1223 988 ,Tanto

123 1019 234 1101 quippe
254 1039 271 1078 a
291 1019 339 1080 die
353 1019 417 1094 illo,
437 1038 524 1098 aquo
544 1017 728 1087 abinvicem
747 1021 872 1096 separati
882 1040 989 1096 sumus,
1008 1039 1064 1080 nos
1076 1018 1223 1100 affligere,

122 1125 153 1172 et
177 1112 210 1171 in
229 1110 337 1195 magna
361 1112 524 1196 ignominia
548 1123 678 1171 sanctam
703 1109 763 1170 Dei
781 1109 942 1174 Ecclesiam
968 1111 1079 1174 liabere
1101 1121 1223 1174 nonaum

122 1217 183 1281 est,
210 1217 321 1286 quanto
340 1217 402 1266 no'n
421 1215 545 1287 possunt
561 1203 715 1264 hominnm
735 1203 855 1284 linguae
875 1223 1023 1268 anamare:
1048 1204 1116 1284 qnia
1135 1204 1223 1266 etiam

123 1310 155 1358 et
173 1298 230 1377 ipsi
249 1297 369 1378 lapides,
389 1299 414 1360 si
434 1299 491 1360 dici
510 1309 618 1380 potest,
636 1295 859 1356 tribulationem
878 1308 1008 1372 nostram
1025 1318 1136 1380 magno
1155 1297 1222 1358 ulu-

122 1392 183 1452 latu
202 1393 322 1454 flerent:
336 1404 375 1452 -et
393 1392 434 1453 ita
452 1383 509 1452 nos
527 1391 604 1454 visam
624 1401 669 1452 est
687 1389 830 1471 affligere,
849 1401 883 1449 ut
902 1391 1001 1451 denuo
1020 1391 1051 1450 in
1069 1389 1156 1452 nohis
1175 1391 1222 1450 in-

120 1498 230 1547 novata
257 1487 360 1548 luisset
379 1485 539 1546 infirmitas.
576 1484 676 1568 ,Nimis
701 1504 834 1565 namque
854 1483 961 1566 lugeo,
991 1481 1223 1544 extollentissimi

120 1577 189 1655 filii,
215 1602 268 1640 cur
291 1579 383 1642 rerba
408 1592 526 1641 nostrae
550 1577 732 1640 infelicitatis
757 1597 820 1638 non
844 1576 1011 1652 audientes,
1039 1577 1223 1638 mendacium

120 1672 186 1752 plus
207 1691 293 1752 quam
313 1674 467 1741 veritatem
488 1673 608 1734 credere
627 1671 774 1747 uoluistis,
798 1669 955 1756 illudentes
974 1689 1027 1730 ros
1048 1680 1079 1730 et
1096 1669 1222 1732 irriden-

118 1776 174 1824 tes.
213 1761 303 1826 Unde
326 1778 357 1828 et
374 1767 438 1827 sine
459 1766 570 1828 effectu
588 1766 716 1826 institiae
734 1765 770 1824 B.
790 1763 888 1840 Petri,
914 1763 951 1824 ad
970 1762 1125 1843 proprium
1144 1763 1222 1826 ovile

118 1869 149 1917 et
175 1858 320 1938 populum
346 1857 434 1920 nobis
459 1863 644 1922 commissum
668 1881 765 1921 sumus
788 1857 909 1920 reversi.
955 1857 1067 1918 Omnes
1094 1857 1223 1938 denique

120 1949 318 2012 Christiani
310 1965 350 2012 ata
369 1952 494 2013 firmiter
513 1951 673 2014 credebant
699 1953 779 2032 quod
797 1953 832 2012 Β
851 1952 957 2012 Petrus
980 1950 1119 2031 princeps
1137 1952 1222 2058 Apo-

117 2044 265 2106 stolorum
286 2056 366 2103 nunc
385 2064 440 2122 per
456 2057 585 2104 vestrum
603 2046 790 2115 fortissimum
809 2045 961 2106 brachium
972 2065 1055 2105 snum
1073 2044 1223 2125 percepis-

117 2149 164 2196 set
192 2135 347 2210 iustitiam,
379 2137 448 2194 dem
477 2147 538 2196 tam
568 2137 721 2196 maximum
752 2158 786 2196 ac
809 2138 1025 2219 praefulgidum
1050 2138 1222 2200 miraculum

118 2232 224 2294 vestris
243 2229 417 2291 felicissimis
441 2227 626 2309 temporrlrus
648 2229 873 2304 demonstravit,
895 2230 1043 2310 talemque
1062 2231 1176 2293 vobis'
1166 2253 1222 2292 rm-

119 2345 251 2384 mensam
269 2322 422 2384 victoriam
441 2322 587 2430 meinus
606 2322 688 2382 Deus
708 2334 739 2382 et
758 2273 895 2382 Salvatdr
913 2321 998 2380 Jesus
1019 2322 1151 2384 Christus
1170 2344 1224 2403 per

120 2416 345 2478 intercessiones
368 2415 413 2476 sui
437 2415 579 2497 principis
597 2415 812 2496 Apostolorum
837 2432 894 2492 pro
915 2409 1088 2474 defensione
1106 2425 1225 2476 sanctae

119 2531 189 2571 suae
208 2509 358 2570 Ecclesiae
378 2509 480 2592 largiri
501 2509 635 2590 dignatus
655 2519 707 2568 est.
751 2507 811 2568 Sed
830 2519 945 2583 tamen,
969 2505 1043 2566 boni
1062 2507 1130 2584 Elii,
1157 2528 1223 2570 cre-

119 2607 222 2666 dentes
243 2603 367 2663 eidem'
358 2602 462 2710 iniquo
471 2603 575 2686 megi,
599 2601 680 2681 quod
699 2621 754 2682 per
772 2600 921 2661 vinculum
939 2603 1115 2662 sacramenti
1133 2602 1222 2682 polli-

120 2698 193 2759 citus
221 2709 280 2772 est,
311 2695 433 2776 propria
455 2707 551 2757 vestra
576 2696 728 2758 voluntate
753 2713 808 2774 per
833 2675 1001 2756 donationis
1025 2715 1163 2778 paginam
1185 2696 1222 2756 Β

119 2791 210 2851 Petro
232 2800 409 2868 sanctaeque
428 2781 488 2850 Dei
507 2789 657 2850 Ecclesiae
684 2798 715 2846 et
733 2785 929 2867 reipublicae,
955 2787 1099 2847 civitates
1107 2799 1138 2848 et
1155 2788 1223 2850 loca

120 2883 301 2943 restituenda
327 2882 528 2952 confirmastis.
573 2881 632 2941 Sed
652 2881 703 2940 ille
727 2879 835 2941 oblitus
860 2881 948 2941 fidem
969 2861 1168 2942 Christianum
1192 2891 1224 2942 et

63 3037 68 3044 ,
118 2977 232 3053 Deum,
259 2975 397 3055 quicum
417 2976 497 3036 nasci
506 2974 685 3055 praecepit,
709 2974 808 3050 irrita,
834 2995 908 3054 quae
932 2993 987 3054 per
1008 2985 1221 3036 sacramentum
1300 3035 1313 3054 1,

119 3070 230 3131 firmata
251 3081 335 3146 sunt,
360 3071 459 3131 facere
478 3071 555 3131 visus
576 3079 628 3128 est.
673 3067 869 3148 Quapropter
886 3069 1023 3148 iniquitas
1040 3069 1073 3125 in
1091 3070 1221 3126 emicem

119 3163 194 3226 illias
213 3161 375 3224 deseendit.-
399 3163 560 3245 patefactus
581 3161 691 3242 quippe
712 3173 755 3222 est
774 3160 913 3242 laqueus,
937 3180 1024 3240 quem
1044 3159 1171 3234 effodit„
1191 3169 1222 3218 et

118 3257 147 3318 in
166 3279 217 3334 eo,
236 3277 294 3336 pro
314 3279 368 3316 suo
387 3258 524 3318 mandato
545 3268 576 3318 et
595 3253 737 3336 periurio,
756 3255 867 3334 incidit.

174 3349 315 3414 Coniuro
335 3370 402 3424 vos,
421 3350 475 3408 filii
495 3347 727 3410 excellentissimi
746 3357 776 3403 et
795 3366 812 3404 a
830 3345 901 3402 Deo
918 3339 1061 3422 protecti,
1079 3363 1134 3423 per
1152 3345 1219 3406 Do-

119 3445 229 3506 minum
241 3443 340 3504 Deum
360 3452 504 3516 nostrum,
524 3450 554 3499 et
572 3449 700 3500 sanctam
712 3437 773 3498 eius
792 3435 952 3519 gloriosam
964 3457 1138 3518 semperque
1149 3439 1219 3498 Vir-

120 3537 216 3620 ginem
238 3534 413 3617 genitricem
432 3533 570 3609 Mariam,
588 3533 748 3592 Dominam
766 3542 913 3606 nostram,
933 3551 1094 3610 omnesque
1113 3532 1217 3592 Virtu-

120 3641 162 3712 tes
183 3630 349 3703 caelorum,
369 3640 400 3688 et
418 3628 518 3707 perB.
537 3628 658 3694 Petrum
677 3624 842 3706 principem
854 3623 1083 3704 Apostolorum,
1106 3625 1218 3704 quivos

121 3723 151 3784 in
164 3725 262 3807 Reges
282 3720 374 3798 unxit,
394 3732 427 3780 ut
446 3720 546 3782 doleat
564 3719 649 3785 vobis
668 3740 724 3818 pro
745 3717 914 3779 sanctaDei
927 3716 1070 3794 Ecclesia,
1091 3730 1121 3778 et
1139 3719 1218 3780 iuxta

78 3887 82 3891 ¹
122 3815 329 3893 donationem,
359 3836 445 3896 quam
470 3815 565 3876 eidem
591 3811 756 3896 protectori
780 3823 878 3876 vestro
905 3811 1026 3872 domino
1051 3823 1155 3874 nostro
1181 3813 1215 3872 Β.

122 3909 211 3971 Petro
246 3910 358 3970 offerre
388 3907 522 3985 iussistis,
552 3908 651 3969 omnia
677 3907 801 3968 reddere
832 3917 863 3967 et
891 3906 1068 4016 contradepe
1098 3916 1217 3966 sanctae
1281 3902 1285 3913 '

121 3995 336 4064 DeiEcclesiae
356 4003 508 4063 studeatis:
530 4013 560 4062 et
578 4000 790 4082 nequaquam
781 4021 838 4060 ram
857 3999 946 4082 ipsius
966 3998 1135 4083 nequissimi
1154 3997 1214 4056 Re-

122 4093 176 4175 gis,
195 4087 242 4154 vel
261 4095 464 4158 eiusludicum
484 4095 649 4157 seductoria
669 4093 759 4158 verba
779 4105 809 4154 et
829 4093 972 4154 illusionis
991 4092 1128 4153 mandata
1149 4109 1214 4151 cre-

122 4187 202 4246 datis.
242 4189 319 4249 Ecce
340 4188 417 4248 enim
436 4191 614 4268 patefactum
634 4200 678 4248 est
698 4188 758 4248 eius
770 4186 963 4263 mendacium,
982 4199 1015 4246 ut
1029 4203 1214 4264 nequaqnam

35 4263 36 4324 l
121 4279 241 4341 ulterius
265 4283 342 4343 vires
363 4282 502 4344 credendi
529 4283 639 4342 habere
662 4281 769 4362 possit;
795 4282 847 4341 sed
870 4279 978 4362 magis,
1005 4277 1127 4360 cognito
1152 4276 1214 4338 eius

122 4371 223 4454 iniquo
243 4375 364 4456 ingenio
387 4387 418 4435 et
436 4373 536 4456 iniqua
555 4375 722 4450 voluntate,
750 4371 811 4435 eins
831 4371 1002 4434 fraudantur
1020 4369 1158 4446 insidiae,
1183 4379 1213 4430 et
1316 4389 1317 4393 ¹
