2908 5094
583 447 669 518 las
709 501 712 506 -

75 605 129 664 sed
150 603 229 679 Pan,
252 621 336 711 quae,
354 615 461 688 utpote
480 603 550 679 Dei,
563 603 666 666 futura
686 603 863 685 praenoscit.
903 604 1038 670 Salvator
1054 625 1177 688 qnoque

76 709 177 758 noster
195 697 331 777 passione
350 698 542 810 impendente
570 719 635 757 cum
659 697 787 773 dixisset,
811 697 918 772 Potor,
944 701 971 758 si
986 699 1061 777 fieri
1073 713 1179 778 poema,

75 801 204 850 nauseant
219 811 241 848 n
258 809 303 851 me
321 791 406 851 coliae
429 793 497 864 iste,
528 789 668 870 assumpti
688 790 814 851 hominis
839 791 1095 868 infirmitatem,
1085 810 1177 855 numo

73 881 278 942 membrorum
291 903 427 958 suorum,
457 893 583 961 propter
602 882 682 961 quod
703 881 738 940 ad
756 883 806 942 bas
826 904 927 962 preces
946 885 1178 962 transcenderat,

73 971 341 1035 imbecillitatem
318 998 359 1036 ιιι
371 975 467 1036 diviua
483 975 592 1036 virtute
613 973 789 1048 consolidet,
811 975 1021 1037 Veruntamen
1027 999 1087 1038 ooo
1105 982 1180 1050 metet

72 1085 124 1142 ego
126 1063 226 1141 uolo,
252 1068 393 1128 sedares
409 1081 448 1127 tat.
489 1067 610 1128 Scilicet
634 1065 740 1128 fallerd
758 1067 880 1148 fallique
898 1070 1010 1130 nescius
1030 1072 1180 1160 magister,

74 1160 156 1236 quod
175 1161 258 1220 Deus
284 1183 337 1222 suo
362 1182 415 1221 nos
442 1161 575 1241 exemplo
600 1161 729 1229 instituit
753 1173 786 1220 ut
806 1182 871 1221 cum
890 1163 1008 1224 adversa
1026 1175 1181 1248 urgerent,

73 1253 114 1312 sic
137 1273 172 1312 ea
193 1253 343 1332 depellere
362 1255 499 1335 precibus
520 1275 705 1331 conaremur,
725 1268 758 1314 ut
776 1256 807 1314 ιιι
827 1253 872 1314 bis
893 1253 979 1314 etiam
999 1271 1102 1318 contre
1122 1278 1199 1338 ιιο-Λ

71 1357 168 1404 strum
191 1361 292 1407 votum
318 1348 377 1407 eius
402 1347 467 1407 fieri
486 1347 669 1411 voluntatem
688 1347 845 1408 salubriter
863 1346 1080 1426 amplectemur.
1117 1352 1181 1411 Re-

74 1441 177 1518 colite,
199 1462 317 1520 quaeso,
336 1441 474 1508 Paulum:
496 1443 577 1503 cuius
595 1455 679 1502 tanta
699 1455 762 1502 erat
781 1441 951 1516 eminentia,
970 1450 1005 1500 ut
1017 1441 1048 1498 in
1060 1443 1181 1504 tertium

72 1545 175 1613 raptus
196 1533 321 1609 coelum,
341 1535 467 1594 audierit
481 1557 586 1599 arcana
598 1535 689 1597 rerba
702 1547 819 1596 sanctae
831 1533 1001 1608 Trinitatis,
1022 1549 1097 1613 quae
1116 1555 1179 1594 non

73 1625 145 1688 lic'et
169 1626 283 1687 bomini
308 1627 407 1706 loqui,
436 1639 536 1688 tamen
554 1629 716 1690 Dominum
737 1648 835 1689 orasse
861 1647 920 1706 quo
947 1648 963 1686 a
990 1647 1021 1688 se
1042 1626 1181 1708 angelum

20 1721 21 1724 ’
73 1719 237 1796 sathanae,
262 1740 278 1778 a
300 1740 358 1798 quo
379 1717 589 1798 tribulabatur,
614 1733 827 1797 summoveret,
852 1741 908 1782 nec
928 1702 1090 1782 obtibuisse
1111 1721 1182 1800 quid

72 1813 177 1888 voluit,
196 1815 249 1874 sed
269 1813 349 1891 quod
368 1813 490 1892 profuit.
529 1815 708 1876 Revocate
699 1837 730 1874 ιιι
748 1815 921 1878 memoriam
931 1814 1085 1890 Davidem,
1105 1834 1180 1894 qua-

71 1917 159 1966 tenus
174 1925 210 1966 ¹sc
231 1909 292 1984 pro
307 1905 490 1984 impetranda
509 1907 572 1966 filio
592 1908 651 1968 vita
669 1909 832 1970 macerarit.
870 1909 911 1968 Et
931 1919 1012 1969 certe
1033 1929 1099 1968 cum
1112 1918 1180 1966 tan-

71 2011 119 2058 tus
141 2009 218 2058 esset
236 1998 398 2076 Propheta,
417 2019 455 2058 ne
475 2019 648 2078 responsum
669 2001 786 2080 quidem
806 2000 934 2062 divinum
954 2013 1014 2062 tam
1034 2000 1179 2084 immenso

71 2091 229 2159 confectus
249 2109 387 2149 moerore
406 2092 579 2170 promeruit
639 2095 841 2172 Quaecunque
861 2107 958 2156 autem
977 2093 1179 2174 scripta’sunt,

74 2187 110 2245 ad
137 2197 269 2260 nostram
294 2182 458 2243 doctrinam
483 2183 591 2263 scripta
616 2189 694 2258 sunt,
726 2197 759 2242 ut
783 2206 837 2263 per
862 2187 1034 2266 patientiam
1056 2197 1086 2246 et
1106 2207 1181 2246 con-

72 2278 252 2338 solationem
271 2277 479 2356 scripturarum
500 2297 582 2358 spem
603 2275 769 2336 habeamus.
807 2277 890 2358 Ergo
910 2277 1087 2356 perpendite
1108 2297 1181 2356 qua-

72 2370 144 2428 liter
170 2369 266 2428 David
291 2390 411 2432 cassam·
431 2391 553 2450 precum
579 2391 695 2430 suarum
727 2380 861 2448 expertus
892 2369 1075 2443 instantiam,
1107 2389 1181 2429 con-

73 2461 254 2522 solationem
276 2461 390 2522 ratione
416 2465 599 2546 perceperit,
630 2485 663 2523 ac
687 2461 814 2522 iustitiae
833 2462 893 2522 Dei
918 2460 1182 2522 subiectusbnmi-

74 2555 143 2614 liter
169 2555 373 2634 adquieverit·
417 2555 511 2631 Quod
537 2555 671 2636 praelato
697 2555 806 2614 dictum
831 2547 875 2615 est
898 2553 1064 2635 Apostolo,
1095 2553 1182 2616 vobis

73 2667 249 2726 responsum
282 2648 415 2727 accipite.
474 2649 589 2722 Sufficit
615 2648 667 2708 sits
692 2650 792 2724 granio
821 2669 910 2726 naeu,
934 2669 1004 2708 oona
1033 2651 1122 2708 ιινιιιι
1149 2651 1183 2708 ιιι

75 2741 243 2820 infimitate
255 2743 423 2822 perficitur.
463 2742 668 2821 Siquidemet
690 2743 755 2822 ipsc
772 2763 940 2804 moerorem
967 2744 1098 2824 scriptae
1112 2761 1181 2804 oras

76 2834 181 2909 tionis,
198 2833 236 2894 'si
260 2834 324 2912 quis
345 2835 373 2894 ei
388 2823 528 2894 ‘subortus
548 2836 660 2912 fuerat,
691 2837 749 2896 hoc
775 2838 940 2897 admonitus
960 2835 1182 2898 oraculo‘aliud

77 2939 233 3007 oportere,
260 2918 410 3006 deposuit.
451 2927 627 2988 Huiusmodi
656 2930 820 3010 praeceptis
854 2941 884 2989 et
916 2931 1054 3010 exemplis
1082 2949 1181 2990 sacrae

78 3020 248 3100 Scripturas
275 3019 401 3098 capitula
428 3017 602 3081 exuberant:
636 3041 727 3099 quae,
753 3023 970 3100 quoniam,·ut
995 3021 1117 3102 insignis
1142 3019 1183 3079 ait

40 3151 47 3158 -
78 3112 182 3189 Polita,
200 3133 260 3172 noo
277 3117 406 3174 canimus
425 3112 532 3188 surdis,
555 3112 777 3194 epistolarisque
798 3125 912 3174 coartat
931 3113 1075 3196 angustia,
1094 3131 1182 3190 prae-

77 3207 204 3280 teriens,
233 3207 317 3266 vobis
341 3205 554 3267 consideranda
585 3206 733 3285 relinquo.
784 3206 945 3265 Sulieeerit
968 3206 1042 3264 haee
1067 3213 1181 3262 tantum

78 3300 225 3382 tetigisse,
258 3319 331 3378 quae
355 3299 417 3360 sola
443 3311 561 3379 recepta
585 3299 715 3360 vulneris
740 3298 824 3356 huius
849 3308 1013 3370 tumorem,
1040 3303 1182 3375 quantum

79 3413 141 3453 mea
161 3391 223 3451 sert
243 3391 358 3470 opinio,
377 3391 506 3453 mulcere
527 3404 615 3470 atque
635 3389 744 3464 lenire,
764 3388 910 3471 largiente
929 3389 1073 3465 Domino,
1093 3401 1181 3468 pote-

78 3499 153 3546 runt.
198 3485 384 3564 Quamquam
403 3485 474 3544 mibi
494 3485 585 3546 mults
605 3482 737 3545 volventi
747 3481 826 3542 aliud
837 3483 923 3543 etiam
935 3483 1088 3559 occurrat,
1101 3483 1182 3562 quod

79 3578 134 3639 boc
153 3577 216 3638 Dei
234 3577 374 3638 iudicium
395 3578 568 3638 clementiae
596 3597 682 3658 quam
709 3577 877 3639 iracundiae
896 3577 989 3639 videri
1004 3575 1099 3656 possit
1117 3597 1182 3638 eer-

79 3670 217 3731 tissimum
239 3671 457 3732 documentum.
497 3672 578 3732 Nom
596 3674 666 3751 qso'ee
675 3670 815 3751 flagessot
832 3693 943 3732 mmmm
952 3668 1069 3749 filium,
1100 3691 1183 3749 quesn
1264 3749 1268 3754 Ι

80 3763 195 3861 recipit,
227 3763 367 3824 allectum
397 3763 523 3828 vestrum
553 3765 583 3824 in
609 3763 705 3824 uxoris
723 3761 831 3824 *amore
852 3763 979 3828 forsitan
1005 3762 1183 3826 subdivisum

81 3877 141 3918 non
160 3879 276 3938 passus,
303 3857 400 3950 putari
419 3867 518 3938 'potest
537 3859 573 3918 ad
593 3877 624 3918 se
644 3857 739 3917 solum
759 3855 912 3916 amandum
933 3857 1129 3930 revocavisse,
1149 3875 1184 3916 ac
1221 3935 1225 3944 ἱ
1271 3903 1276 3908 -

82 3949 106 4008 ιι
132 3951 201 4030 quid
232 3951 293 4011 eius
320 3949 441 4031 corpori
461 3951 693 4032 intemperanter
713 3949 863 4049 diligendo
883 3947 975 4058 plqs'
966 3953 1044 4012 tusto
1063 3971 1080 4009 a
1099 3944 1184 4008 vobis

66 4042 225 4104 'indultum
237 4043 343 4120 luerat,
363 4045 492 4105 eiusdem
503 4043 635 4124 corporis
646 4028 855 4120 subtractione
861 4043 1017 4123 punivisse.
1047 4039 1183 4114 Cumque

83 4155 136 4214 per
154 4136 336 4216 Prophetam
357 4136 502 4216 loquitur,
528 4137 600 4197 Non
618 4151 769 4212 eoosruges
787 4135 898 4212 deplere
916 4133 1076 4206 eueher,
1104 4129 1185 4208 quod

84 4227 425 4309 LXX.lnterpretum
402 4251 443 4288 ιιι
464 4230 603 4310 expressit
622 4228 790 4305 translatio,
820 4230 891 4290 Non
913 4221 1124 4288 iudicmDetoe
1142 4221 1186 4284 its
1239 4254 1242 4266 ·

85 4322 114 4380 iu
130 4321 193 4382 id
179 4343 285 4398 aprum,
305 4322 353 4382 hic
374 4323 530 4382 emandare
549 4321 759 4404 dignatusest,
774 4323 859 4428 quqd
879 4333 912 4380 ut
923 4319 1015 4378 bomo
1026 4315 1184 4378 excessrstrs

39 4411 185 4490 (nem'o
206 4415 287 4479 enirn
304 4415 429 4477 mandras
449 4435 465 4476 a
484 4415 588 4496 sorde)
607 4437 646 4478 ne
664 4415 753 4496 qaid
750 4414 883 4502 gravius
879 4387 921 4472 lu
940 4429 1003 4474 vos
1007 4411 1184 4556 φιιιιιιιιιιιι

873 4509 1022 4591 ιιι·

211 4631 216 4642 “
268 4639 274 4674 l
