2900 5086
6 631 8 666 ,
62 587 233 666 Capuam,
253 604 371 646 necnon
392 597 422 644 et
441 583 647 662 patrimonium
667 585 703 644 ad
724 595 898 664 potestatem
920 596 950 645 et
970 586 1111 645 ditionem
1130 607 1182 645 ve-

6 725 9 766 ,
60 691 169 742 stram
189 677 389 759 pertinentia,
408 677 483 736 sicut
503 687 547 736 est
565 677 772 756 patrimonium
791 669 1031 749 Beneventan'um
1054 691 1084 737 et
1101 680 1182 740 Nea-

6 777 8 852 ,
60 771 260 851 politanum,
291 777 379 848 atque
404 769 582 848 patrimonia
603 767 757 828 Calabriae
783 769 943 850 superioris
968 783 998 830 et
1023 771 1182 832 inferioris.
1236 839 1237 844 η

6 913 8 944 ,
61 865 122 924 De
150 863 267 923 ciritate
287 873 382 922 autem
393 860 587 940 Neapolitana
608 863 673 920 cium
694 863 816 922 castellis
837 873 867 922 ct
885 863 1041 923 territoriis
1062 884 1094 922 ac
1115 861 1181 921 fini-

62 955 131 1016 bus
162 954 318 1016 etinsulis
338 953 392 1012 sibi
411 953 642 1032 pertinentibus,
673 952 758 1014 sicuti
783 956 819 1014 ad
833 955 959 1015 'easdem
984 956 1113 1036 aspicere
1137 955 1182 1013 vi-

6 1129 7 1132 ,
62 1051 202 1109 dentur:
234 1067 351 1106 necnon
371 1047 578 1125 patrimonium
600 1047 733 1120 Siciliae,
754 1042 784 1105 si
803 1047 883 1107 Deus
904 1049 1011 1109 nostris
1031 1049 1102 1108 illud
1121 1060 1181 1107 tra-

61 1137 188 1204 did-erit
211 1137 353 1199 manibus.
399 1138 494 1200 Simili
518 1127 609 1198 modo
636 1140 782 1200 civitatem
803 1137 976 1200 Caietanam
997 1155 1027 1200 et
1046 1142 1181 1200 Fundum

60 1257 141 1294 cum
166 1233 301 1294 omnibus
322 1253 419 1291 earnm
439 1227 634 1312 pertinentiis.

127 1335 163 1392 2.
203 1327 301 1404 Super
325 1325 382 1384 hoc
408 1325 610 1385 confirmamus
637 1325 719 1386 uobis
745 1316 934 1405 Fuldense1)
960 1329 1181 1403 monasterium,

60 1434 97 1481 et
118 1417 251 1478 Abbatis
272 1417 332 1477 eius
353 1417 626 1492 consecrationem,
647 1431 733 1497 atque
755 1419 854 1485 omnia
873 1421 1065 1497 monasteria,
1084 1433 1181 1480 curtes

31 1539 33 1542 ·
62 1526 98 1578 'et
119 1511 219 1586 villas,
240 1529 309 1590 quas
328 1509 360 1568 in
376 1509 800 1590 Ultramontanis²)vpartibus
820 1513 1055 1574 sanctusPetrus
1071 1513 1180 1578 habere
1242 1544 1244 1560 ι

60 1605 268 1690 dignoscitur,
283 1603 392 1680 absque
405 1603 527 1677 Aterno,
538 1599 758 1686 vurmiteririga
768 1606 810 1682 ³),
833 1605 1090 1680 siveVuilmbach‚
1105 1626 1179 1684 quae

64 1722 83 1760 a
106 1697 207 1758 sancti
221 1694 448 1755 PetriEcclosia
463 1715 518 1773 per
532 1695 735 1754 conventionis
755 1699 891 1780 paginam
904 1699 1055 1777 Episcopo
1075 1709 1179 1756 nostro
1230 1741 1238 1754 .
1303 1697 1307 1708 '

63 1787 331 1870 Babembergensi
357 1786 481 1846 collatae
506 1797 587 1846 sunt:
608 1809 663 1870 pro
696 1789 800 1868 quibus
825 1791 1009 1870 saepedictae
1028 1789 1179 1850 Ecclesiae

6 1947 7 1952 χ
64 1883 169 1946 s'a'ncti
194 1881 276 1956 Petri
299 1879 534 1954 transcribimus,
566 1880 752 1946 concedimus
783 1893 814 1940 et
838 1883 1041 1952 confirmamus
1061 1902 1179 1942 omnem

63 1977 156 2036 illam
179 1987 305 2048 terram,
335 1993 409 2052 quae
436 1973 514 2031 inter
532 1971 677 2032 Nanniam
698 1973 933 2053 Teramnem⁴),
956 1976 1003 2036 vel
1023 1975 1179 2056 Spoletum

66 2092 104 2130 ex
125 2068 216 2150 regni
235 2067 328 2128 nostri
341 2076 433 2146 parte
452 2061 614 2123 habuimus.

129 2169 162 2228 3
201 2161 263 2220 Sub
284 2160 410 2220 tuitione
430 2167 582 2247 praeterea
602 2129 695 2216 sancti
715 2157 815 2233 Petri,
836 2171 865 2218 et
885 2173 980 2224 vestra
999 2143 1177 2222 vestrorum-

68 2277 131 2336 que
158 2275 357 2320 successorum
381 2261 580 2331 praetaxatum
605 2251 785 2330 Episcopum
796 2252 827 2329 ⁵)
853 2251 1102 2333 Bambergcnscm
1130 2253 1177 2311 ol

66 2342 210 2418 serimus,
237 2347 314 2404 unde
334 2329 387 2404 sub
408 2343 559 2423 pensionis
580 2353 697 2401 nostrae
719 2343 837 2401 debito
841 2363 947 2422 equum
968 2365 1058 2401 unum
1079 2341 1177 2402 album

64 2439 258 2522 phaleratum
278 2458 312 2498 ex
332 2437 460 2496 eiusdem
479 2436 538 2496 loci
558 2435 709 2516 Episcopo
730 2457 781 2496 vos
792 2435 829 2514 6>
843 2435 1006 2536 annualiter
1026 2447 1177 2514 susceptu-

65 2553 120 2594 ros
141 2529 295 2591 sancimus.
361 2591 364 2602 ,

131 2633 162 2692 4.
203 2623 393 2684 Oflcrimus
384 2645 523 2704 insuper,
547 2625 692 2683 firmamus
713 2635 743 2683 et
763 2623 989 2682 corroboramus
1007 2619 1064 2678 tibi
1082 2621 1176 2704 Beato

67 2723 166 2782 Petro
193 2737 227 2776 ac
246 2717 365 2777 Vicario
390 2727 442 2775 tuo
460 2717 576 2792 Donno
601 2715 780 2790 Bencrlicto,
811 2728 841 2776 et
866 2713 1080 2776 successoribus
1105 2712 1178 2788 cius,
1201 2750 1207 2761 ι
1285 2741 1289 2753 ·

68 2823 166 2892 prout
184 2811 421 2868 benememoriae
442 2810 539 2888 Papae
553 2809 663 2868 Joanni
682 2809 798 2888 suisque
816 2806 1033 2882 successoribus
1054 2827 1070 2864 a
1090 2827 1176 2885 prae-

71 2901 278 2966 decessoribus
304 2901 411 2959 nostris
432 2899 594 2958 Ottonibus
629 2901 737 2958 sactum
762 2913 822 2974 est,
856 2901 986 2960 civitates
1012 2910 1042 2958 et
1067 2898 1176 2976 oppida

71 3021 141 3060 cum
162 2993 291 3076 piscariis
317 2992 390 3064 suis,
414 2990 553 3062 lleatern,
570 2991 767 3060 Amiternum,
787 2944 1010 3066 Firrconeml),
1030 2990 1176 3060 Nursiam,

70 3091 205 3162 Balvam,
225 3099 255 3147 et
273 3087 419 3192 Marsiam,
440 3094 472 3142 et
489 3081 560 3143 alibi
580 3082 727 3142 clvitatem
748 3072 925 3144 Teramneni
943 3079 1173 3161 [Interamnem]

71 3205 140 3244 cum
160 3177 346 3260 pertinentiis
365 3177 431 3236 suis.

128 3283 161 3340 5.
201 3273 261 3332 Has
281 3291 382 3330 omnes
401 3270 579 3348 supradictas
596 3269 772 3358 provincias,
791 3267 889 3340 urbes,
909 3279 939 3324 et
955 3265 1097 3338 civitates,
1118 3283 1174 3344 op·-

71 3372 159 3450 pida,
185 3378 272 3444 atque
301 3362 432 3440 castella,
452 3361 580 3437 viculos,
600 3382 634 3421 ac
653 3359 817 3434 territoria,
836 3359 978 3438 simulque
998 3357 1175 3437 patrimonia

74 3485 130 3544 pro
151 3449 227 3521 stalu
246 3457 333 3540 regni
352 3455 459 3527 nostri,
480 3465 646 3534 cunctoque
668 3452 901 3514 Christianorum
920 3451 1033 3531 populo
1054 3471 1173 3510 conser

73 3552 208 3614 vando
199 3573 257 3610 ram
284 3550 379 3612 dictae
395 3547 547 3608 Ecclcsiae
573 3558 657 3621 tuae,
687 3545 773 3604 beate
793 3544 897 3620 Petro,
921 3541 1101 3624 Vicarioque
1120 3556 1173 3604 tuo

74 3645 239 3707 Benedicto
256 3665 289 3703 ac
305 3639 564 3702 successoribus
538 3661 608 3713 erus,
628 3637 769 3716 usquein
790 3637 877 3696 finem
897 3637 1005 3696 saeculi
1027 3657 1063 3696 eo
1082 3639 1173 3698 modo
1222 3691 1224 3696 ,

75 3740 290 3812 confirmamus,
309 3747 341 3794 ut
360 3735 391 3792 in
411 3755 465 3793 suo
487 3734 638 3792 detineant
657 3732 730 3804 iure,
749 3731 925 3810 principatu,
945 3741 1031 3808 atque
1051 3729 1174 3790 ditione.

77 3830 173 3890 Simili
196 3832 286 3890 modo
313 3848 367 3910 per
386 3826 443 3886 hoc
462 3839 580 3885 nostrae
600 3823 793 3904 delegationis
813 3831 944 3904 pactum,
970 3822 1174 3881 confirmamus

77 3923 270 3997 donationes,
300 3943 369 4000 quas
402 3919 468 3999 piae
498 3916 711 3978 recordationis
737 3914 880 3993 Pippinus
904 3914 981 3988 Rex,
1012 3927 1042 3974 ct
1071 3926 1174 3992 postea

76 4018 210 4090 Dompus
232 4015 355 4074 Carolus
375 4011 627 4080 excellentissimus
647 4010 823 4086 Imperator,
843 4027 876 4066 ac
896 4007 1032 4086 deinceps
1045 4007 1174 4066 Ottones

78 4106 197 4188 piissimi
222 4105 310 4165 beato
330 4105 421 4164 Petro
443 4103 552 4164 Christi
576 4099 723 4186 Apostolo
748 4111 910 4182 spontanea
930 4100 1080 4163 voluntate
1100 4119 1174 4159 con-

79 4225 275 4242 -·---·-·--·-v

119 4286 139 4339 ¹)
153 4284 186 4329 al
204 4273 387 4326 Fundanio.-
411 4276 719 4331 2)ιι1.ιιι1[ΙΙῑιιιιιιιιιίιιίι.

117 4356 140 4403 ὃ)
153 4351 197 4396 al.
206 4359 279 4406 atque
287 4349 425 4400 Amensnra,
439 4344 634 4406 Umiuringan-
662 4343 684 4396 ⁴)
697 4343 764 4388 Schr.
781 4343 943 4390 Interamnam.

120 4423 140 4476 ³)

156 4417 197 4464 At
213 4414 422 4479 Episcopinmff-
397 4409 526 4465 -QAL
541 4425 593 4460 noa.
619 4409 749 4465 -Ml
765 4405 943 4466 Frncovirun.
