2908 5094
777 417 866 493 las
969 479 971 486 .

199 557 215 610 x·
269 579 370 654 none,
388 523 516 646 humeiis
529 533 612 638 intra
631 575 843 662 ecclesiasticae
862 565 1006 638 firmitatis
1023 591 1124 636 muros
1141 583 1296 654 reportare
1317 587 1387 636 sat-
1439 589 1440 602 ¹

270 671 405 755 agimini,
426 689 466 732 ne
490 669 576 751 lupus
600 669 740 732 insidians
766 668 894 748 aliquem
918 669 1076 734 canonicas
1094 667 1260 730 sanctiones
1277 679 1387 730 trans-

246 806 247 814 ι
270 766 471 852 gredientem,
501 763 547 826 vel
576 773 713 844 paternas
742 761 917 824 traditiones
946 761 1151 826 universalium
1180 761 1386 824 conciliorum
1431 806 1435 817 .

270 857 469 933 excedentem,
489 857 570 938 quod
589 856 704 931 absit,'
694 855 846 924 inveniens
866 855 998 920 devoret
1043 855 1117 918 ldeo
1136 875 1262 936 magnae
1283 855 1386 924 devo-

267 951 359 1014 tionis
377 950 477 1014 studio
496 949 675 1012 admonendi
694 961 726 1014 et
744 947 920 1050 adbertapdi
939 960 1024 1026 sunt,
1053 948 1143 1012 insano
1164 949 1385 1030 compellendi,

232 1065 236 1078 ’
268 1058 302 1108 ut
321 1046 404 1106 firma
423 1043 482 1108 fide
502 1055 532 1106 et
550 1041 729 1126 infatigabili
748 1025 966 1122 perseverantia
990 1041 1068 1104 intra
1086 1051 1224 1123 paternas
1243 1044 1384 1106 sanctio-

267 1159 322 1202 nes
340 1159 372 1200 se
391 1135 580 1200 contineants
599 1136 631 1196 in
650 1157 711 1217 quo
732 1135 830 1217 operis
850 1134 947 1196 stadio
967 1136 1041 1202 sciat
1059 1135 1220 1198 certissime
1236 1137 1383 1228 sanctitas

267 1243 364 1295 vestra
383 1242 513 1294 nostram
532 1227 618 1292 vebis
638 1229 795 1312 cooperari
815 1225 1007 1312 diligentiam.
1053 1229 1248 1310 Quapropter
1267 1240 1300 1289 et
1321 1249 1383 1290 no-

267 1337 344 1390 stros
363 1326 472 1388 advos
492 1323 648 1386 direximus
666 1324 788 1401 Missos,
808 1325 913 1406 quiex
931 1321 1026 1386 nostri
1049 1322 1178 1384 nominis
1197 1323 1381 1386 auctoritate

267 1439 327 1480 una
346 1418 497 1482 uobiscum
517 1417 705 1500 corrigerent
723 1437 799 1498 quae
818 1415 995 1498 corrigenda
1014 1419 1121 1482 es'sent.
1159 1416 1221 1478 Sed
1233 1426 1264 1476 et
1276 1415 1381 1496 aliqua

267 1509 395 1592 capitula
414 1531 449 1573 ex
467 1511 617 1574 canonicis
636 1509 880 1586 institutionibus,
900 1530 975 1591 qnae
994 1510 1087 1592 magis
1107 1509 1190 1574 vobis
1209 1509 1380 1572 necessaria

237 1669 241 1684 ,
266 1603 453 1682 videbantur,
472 1604 680 1666 subiunximus.
717 1603 764 1664 Ne
783 1593 904 1685 aliqsiis,
924 1623 1052 1684 quaeso,
1079 1603 1163 1666 huius
1182 1603 1303 1684 pietatis
1325 1604 1379 1666 ad-

265 1698 463 1780 monitionem
483 1718 546 1758 esse
565 1685 836 1779 praesumptionem
855 1687 975 1774 iudicet,
995 1717 1053 1778 qua
1082 1717 1138 1758 nos
1162 1709 1259 1758 errata
1279 1699 1377 1758 corri-

265 1811 354 1874 gere,
378 1791 526 1872 superflua
549 1790 717 1866 abscidere,
745 1801 825 1852 recta
850 1802 985 1854 coartare
1003 1789 1179 1866 studuimus,
1209 1791 1261 1852 sed
1279 1793 1378 1874 magis

265 1881 415 1946 benevolo
435 1883 562 1946 caritatis
588 1884 694 1946 animo
711 1884 858 1966 suscipiat.
899 1883 976 1946 Nam
999 1883 1123 1963 legimus
1147 1883 1180 1943 in
1198 1884 1376 1968 Regnorum

264 1975 347 2038 libris
368 1977 519 2058 quomodo
539 1989 655 2040 sanctus
672 1977 770 2038 Jesias
790 1998 914 2061 regnum
934 1977 991 2038 sibi
1009 1975 1105 2038 alleo
1126 1977 1226 2038 datum
1245 1979 1375 2041 circum-

218 2122 221 2130 ,
265 2070 381 2147 eundo,
405 2069 600 2154 corrigendo,
620 2069 826 2146 admonendo,
845 2072 885 2150 ad,
902 2070 1013 2134 cultum
1031 2069 1093 2132 veri
1113 2069 1173 2132 Dei
1191 2073 1306 2134 studuit
1325 2092 1375 2134 re-

264 2183 381 2228 vocare.
427 2163 499 2226 Non
524 2175 558 2226 ut
575 2185 623 2226 me
643 2164 705 2228 eius
729 2164 876 2228 sanctitati
900 2161 1151 2246 aequiparabilem
1175 2163 1294 2240 faciam,
1321 2168 1376 2230 sed

265 2259 346 2339 quod
365 2255 454 2320 nobis
473 2257 533 2320 siut
550 2257 661 2338 ubique
681 2269 849 2319 sanctorum
868 2277 986 2338 semper
1010 2256 1141 2366 exempla
1160 2259 1322 2338 sequenda,
1345 2271 1376 2321 et

264 2372 456 2434 quoscunque
475 2349 646 2434 poterimus
664 2353 701 2413 ad
720 2350 846 2414 studium
874 2348 973 2410 bonae
991 2349 1080 2428 vitae,
1100 2349 1132 2408 in
1151 2349 1266 2412 laudem
1286 2363 1322 2412 et
1343 2353 1374 2413 in

263 2446 391 2530 gloriam
415 2445 539 2508 Domini
569 2444 664 2506 nostri
693 2443 766 2504 desu
794 2441 922 2520 Christi,
951 2463 1135 2534 congregare
1165 2465 1285 2508 necesse
1320 2457 1371 2508 est

264 2538 479 2620 Quapropter,
496 2548 530 2596 ut
548 2534 760 2616 praediximus,
778 2533 874 2616 aliqua
894 2535 1021 2618 capitula
1040 2549 1147 2599 notare
1165 2539 1317 2616 iussimus,
1339 2551 1372 2598 ut

262 2633 349 2703 simul
368 2633 443 2694 lraec
462 2630 564 2694 eadem
583 2651 636 2696 vos
655 2629 816 2691 admonere
834 2630 990 2708 studeatis,
1011 2643 1046 2692 et
1071 2651 1265 2714 quaecunque
1283 2633 1369 2696 vobis

263 2727 321 2788 alia
345 2725 509 2787 necessaria
534 2743 598 2786 esse
622 2715 715 2785 scitis:
739 2733 773 2784 nt
798 2733 828 2784 et
851 2724 906 2786 ista
931 2734 962 2785 et
984 2721 1036 2785 illa
1059 2725 1211 2807 aequali
1200 2727 1369 2788 intentione

262 2817 445 2898 praedicetis.
491 2819 556 2878 Nec
588 2816 698 2896 aliquid
729 2817 809 2898 quod
838 2829 952 2898 vestrae
982 2819 1130 2882 sanctitati
1161 2820 1276 2903 populo
1310 2817 1368 2882 Dei

261 2908 335 2972 utile
349 2909 509 2986 videatur,
526 2909 667 2971 omittatis
690 2921 723 2970 ut
741 2910 793 2993 pio
813 2911 909 2976 studio
929 2933 992 2974 non
1012 2913 1206 2988 admoneatiss
1225 2924 1368 2996 quatenus

262 3014 296 3066 ut
314 3015 345 3065 et
362 3013 458 3068 vestre
475 3003 598 3065 solertia
618 3015 648 3065 et
666 3003 865 3068 subiectorum
884 3005 1058 3070 obedientia
1084 3020 1205 3072 aeterna
1225 3008 1367 3070 lelicitatc

261 3095 299 3162 ab
319 3097 519 3182 omnipotenti
537 3097 606 3161 Deo
625 3109 863 3162 remuneretur.

712 3293 913 3312 m

775 3451 847 3522 XL.

346 3637 348 3644 ,
431 3570 660 3642 nupturus
676 3577 860 3634 omum
874 3577 973 3635 nnus
989 3579 1196 3651 nocem,

259 3674 311 3728 sive
328 3659 450 3746 capitul·
472 3675 506 3728 de
527 3673 689 3728 immunitate
704 3675 897 3746 Episcopornrn
920 3699 950 3734 ac
968 3679 1129 3752 reliquorum
1146 3685 1314 3737 sacerdotum
1332 3682 1363 3734 ab

299 3758 504 3832 expeditionibus
520 3757 626 3824 bellicis,
643 3762 703 3814 data
720 3760 892 3816 Wormatiaa
908 3763 937 3818 in
954 3767 1066 3831 generali
1082 3767 1178 3841 populi
1193 3782 1325 3837 conventu

408 3865 410 3870 ·
509 3846 559 3898 sub
576 3846 656 3900 linem
674 3860 703 3900 ιιι
719 3847 828 3912 videtur,
846 3850 908 3904 anni
923 3849 1107 3923 ncccnv).

541 4075 651 4142 Petitio
671 4081 777 4164 populi
800 4084 838 4146 ad
857 4085 1079 4166 hperatorem.

314 4186 411 4248 Flexis
431 4205 534 4250 omnes
553 4209 708 4270 precamur
727 4193 891 4276 poplitibus
903 4196 1085 4260 Maiestatem
1095 4210 1220 4262 vestram
1239 4207 1273 4258 ut
1285 4194 1357 4276 Epi·
1430 4211 1431 4220 ¹

257 4279 341 4359 scopi
364 4280 520 4362 deinceps,
555 4279 630 4343 sicut
648 4283 809 4382 theotecus,
841 4309 904 4352 non
932 4303 1075 4356 vexentur
1105 4289 1247 4356 hostibus.
1297 4286 1357 4353 Sed

298 4429 322 4481 Ι)
340 4427 621 4494 munaum-19⁰
631 4451 683 4496 ΙιΙιΙ.
