2890 5092
570 490 659 568 ιιι
731 529 803 564 ι,

53 650 162 736 pionte
181 653 393 716 reservandum
406 663 485 730 erat,
508 651 637 734 quod
614 673 675 716 stne
702 631 805 732 edrone
824 664 903 716 certa
923 647 1190 721 consideratione
1255 646 1276 670 '⁸

54 744 249 809 determinari
268 769 286 810 s
306 747 434 809 Comite
443 746 560 834 Palatii,
577 745 626 808 vel
645 749 806 827 acaetcris,
825 747 931 830 quibus
944 749 1160 872 congruebaut,

56 859 122 902 non
142 833 298 922 potuisset

112 934 254 994 XXXIV.
293 933 436 993 Proceres
460 950 531 995 vero
556 929 763 1013 praedicti,''
740 949 799 996 stne
821 935 855 996 in
873 935 950 1012 boc,
975 933 1037 997 site
1055 933 1088 996 iu
1106 933 1161 998 illo

53 1025 195 1108 praefato
215 1025 343 1108 placito,
366 1023 438 1106 quin
464 1036 495 1086 et
512 1025 601 1106 prims
592 1023 780 1085 Senatores
798 1025 912 1109 Regni,
937 1047 977 1089 ne
997 1028 1079 1113 qussi
1096 1028 1162 1090 sine

55 1141 143 1181 causa
171 1117 332 1182 convocari
355 1117 542 1204 uiderentur,
569 1137 637 1180 mor
656 1117 831 1196 anctoritate
849 1119 930 1201 regia
948 1141 1004 1201 per
1023 1121 1161 1184 denomi-

34 1217 126 1274 *nata
148 1225 182 1274 ct
207 1211 340 1274 ordinata
365 1209 507 1292 capitula,
532 1229 612 1292 quae
634 1209 682 1274 vel
707 1209 781 1271 ab
770 1227 837 1294 rpso
863 1229 917 1292 per
940 1203 1163 1295 inspirationem

53 1305 115 1366 Dei
145 1306 286 1414 invente,
312 1305 371 1367 uel
382 1303 513 1412 undique
538 1303 596 1365 sibi
619 1305 758 1372 nuntiata
778 1313 848 1386 post
871 1323 974 1364 eorum
999 1307 1163 1370 abscessum

53 1397 223 1480 praecipue
247 1397 442 1484 inerant,f'e1s
467 1399 504 1459 ad
528 1396 758 1475 conferendum,
786 1396 834 1459 vel
855 1395 896 1457 sd
921 1397 1164 1467 considerandum
1233 1435 1237 1444 ·
1276 1440 1279 1450 ι
1320 1407 1326 1420 “

53 1489 208 1570 patefacta
231 1495 307 1552 sunt.
359 1489 476 1566 Quibus
500 1489 640 1574 susceptis
664 1489 813 1552 interdum
837 1489 885 1554 die
910 1510 990 1566 uno,
1015 1490 1162 1552 interdum

54 1581 164 1660 biduo,
183 1583 330 1644 interdum
351 1582 439 1644 etiam
457 1585 576 1661 triduo,
593 1583 642 1646 nel
662 1581 802 1664 amplius,
820 1593 913 1667 prout
932 1603 1030 1650 rerum
1048 1579 1166 1664 pondus

57 1673 219 1756 expetebat
236 1688 360 1758 accepto
380 1680 415 1736 ex
432 1628 590 1757 praedictis
609 1673 775 1738 domesticis
794 1675 895 1758 palatii
910 1676 1004 1738 missis
1018 1676 1166 1738 intercur-
1217 1735 1219 1743 ι

55 1770 210 1846 rentibus,
233 1783 391 1852 quaeque
385 1768 460 1829 ιίιιί
472 1768 648 1830 videbantur
672 1769 906 1852 interrogantes,
930 1773 1166 1870 responsumque

13 1859 17 1886 '
57 1863 261 1947 recipientes,
280 1873 343 1922 tam
370 1861 420 1922 diu
443 1861 484 1923 ita
510 1861 592 1924 nullo
620 1874 759 1924 extraneo
779 1863 1048 1946 appropinquante,
1068 1863 1166 1925 donee

57 1973 104 2015 res
123 1955 260 2038 singulae
280 1949 487 2016 assuerum
509 1955 670 2036 perductae
695 1956 819 2038 gloriosi
839 1957 984 2038 Principis
1004 1955 1144 2018 auditui'
1134 1973 1167 2017 ιιι

58 2050 148 2110 sacris
168 2050 231 2110 eius
251 2046 403 2109 obtutibus
423 2057 657 2128 exponerentur,
687 2061 717 2110 et
742 2049 880 2132 quicquid
904 2052 970 2126 data
995 2051 1099 2112 sDeo
1119 2069 1166 2112 sa·
1228 2065 1233 2096 ·'

57 2140 174 2222 pientia
194 2141 256 2203 eius
276 2133 411 2222 eligeret,
431 2141 534 2203 omnes
553 2153 755 2220 sequerentur.
782 2145 864 2204 Ecce
883 2143 959 2204 sicut
978 2143 1015 2205 de
1034 2165 1107 2221 uno,
1125 2143 1167 2206 ite

59 2231 96 2294 de
122 2235 256 2312 duobus,
283 2234 333 2296 vol
363 2221 512 2314 quotquot
536 2245 634 2296 essent
663 2233 797 2316 capitulis
827 2235 994 2317 agebatur,
1014 2255 1167 2318 quousque

59 2327 163 2388 onmia
183 2325 251 2388 Deo
271 2327 429 2389 miserante
448 2326 524 2388 illius
545 2328 685 2410 temporis
705 2327 868 2388 necessaria
889 2325 1098 2408 expolirentur.

116 2416 242 2479 xxxtt.
280 2419 441 2480 Interim
421 2441 511 2496 vero,
535 2438 595 2500 quo
622 2420 729 2482 baec
718 2419 861 2504 collegis
886 2417 1018 2480 absentia
1038 2418 1169 2501 ageban-

12 2537 13 2540 ¹
58 2509 150 2588 tur,
139 2531 215 2600 rpse
224 2511 367 2592 Princeps
384 2511 517 2592 reliquae
536 2511 715 2575 multitudini
734 2513 765 2573 in
777 2505 968 2624 suscipiendis
987 2511 1168 2589 muneribus,

61 2580 224 2664 salutandis
249 2603 437 2686 proceribus,
472 2605 691 2668 confabulando
720 2607 812 2668 rtrius
841 2607 926 2684 tisis,
958 2593 1168 2687 compatiendo
1218 2591 1221 2601 ¹

62 2695 239 2773 senioribus,
258 2693 473 2780 congaudendo
493 2699 667 2776 iunioribus,
686 2711 717 2761 et
735 2711 850 2762 caetera
869 2700 913 2762 bis
931 2697 1036 2761 similia
1054 2699 1114 2759 ιιιιι
1133 2698 1167 2760 ln

64 2789 259 2869 spiritalibus,
284 2811 429 2871 quamque
450 2803 480 2852 et
498 2792 530 2853 iu
555 2793 753 2855 saecularibus
776 2805 934 2876 occupatus
961 2792 1038 2854 erni:
1061 2791 1103 2856 ita
1121 2802 1168 2853 ιι-

64 2901 143 2960 men,
161 2895 197 2945 nt
216 2883 470 2966 quotienscunque
489 2899 713 2969 segregatorum
731 2886 868 2949 voluntas
887 2897 973 2964 esset,
992 2885 1097 2947 adens
1113 2899 1168 2947 ne·-

65 2975 152 3052 niret,
171 2975 307 3038 similiter
326 2996 444 3056 quoque
464 2990 575 3056 quanto
594 2980 688 3059 spatio
707 2981 945 3060 voluissentcum
963 2979 1004 3040 eis
1021 2974 1168 3040 consiste·
1217 2991 1221 2999 “

67 3077 120 3146 ret,
141 3082 257 3131 etcum
279 3070 359 3131 omni
379 3067 593 3148 familiaritate,
620 3073 744 3152 qualiter
767 3070 882 3154 singula
908 3083 1025 3150 reperta
1049 3069 1169 3130 babuis-
1214 3073 1219 3102 ⁸

68 3173 147 3241 sent,
171 3161 355 3239 referebant,
375 3161 541 3243 mensaque
560 3174 660 3225 mutua
679 3164 748 3227 binc
773 3177 804 3226 et
821 3163 891 3224 inde
911 3162 1103 3238 altercatione
1121 3159 1170 3222 vel

69 3253 278 3336 dispunctore,
296 3275 348 3318 seu
367 3257 458 3317 amics
479 3259 670 3320 contentione
690 3259 901 3334 decertassent,
921 3253 1049 3336 apertius
1062 3252 1169 3314 recita-

69 3343 146 3410 bant.
177 3347 240 3410 Sed
253 3369 308 3412 nec
327 3349 399 3408 illud
417 3351 720 3430 praetermittendum,
740 3347 891 3429 quomodo
911 3347 936 3408 si
954 3344 1069 3427 tempus
1088 3353 1170 3408 seret-

70 3454 239 3518 numerat,
264 3453 360 3516 extra,
383 3437 560 3517 sinautem,
590 3442 666 3501 intra
691 3441 802 3504 diversa
825 3441 891 3502 loca
916 3440 1050 3503 distincta
1075 3442 1187 3518 erant,

70 3533 119 3594 ubi
138 3550 169 3598 et
188 3535 220 3598 bi
240 3527 424 3618 abundanter
443 3534 588 3618 segregati
608 3534 753 3612 semotim,
773 3547 803 3596 et
817 3547 931 3597 caetera
945 3531 1102 3593 multitudo
1120 3543 1169 3594 se-

71 3630 191 3704 paratim
211 3631 340 3692 residere
360 3629 533 3710 potuissent,
552 3628 631 3710 prius
649 3639 760 3689 tamen·
774 3639 906 3704 caeterae
925 3625 1169 3708 interioresper-

72 3737 159 3784 sonae
179 3724 321 3786 interesse
339 3723 459 3808 minime
479 3723 651 3804 potuissent.
692 3725 778 3800 Quae
797 3732 921 3802 utraque
940 3731 1039 3780 tamen
1060 3717 1170 3782 Senio·
1191 3787 1192 3792 γ

72 3829 134 3873 rum
156 3817 356 3898 susceptacula
381 3815 421 3878 sic
445 3816 478 3876 iu
503 3813 617 3876 duobus
647 3814 736 3877 diuisa
762 3825 862 3891 erant,
886 3825 919 3874 ut
943 3813 1040 3896 primo
1059 3814 1168 3876 'omnes

74 3902 223 3990 Episcopi,
242 3907 390 3986 Abbates,
402 3909 449 3970 vel
467 3907 633 3970 huiusmodi
652 3907 928 3970 honorificentiores
940 3906 1039 3970 clerici
1058 3907 1168 3986 absque

74 3997 131 4061 ulla
155 3999 297 4064 laicorum
324 4001 529 4065 commixtione
553 4013 814 4084 congregarentur.
857 4002 999 4063 Similiter
1026 4000 1169 4074 Comites,

75 4091 119 4152 uel
137 4095 303 4158 huiusmodi
328 4098 482 4178 Principes
503 4095 620 4157 sibimet
638 4086 902 4158 honorificabiliter
921 4117 937 4156 ι
958 4106 1072 4156 caetera
1090 4087 1169 4149 mul-

77 4183 197 4250 titudine
217 4191 313 4270 primo
334 4209 421 4250 mane
441 4201 676 4272 segregarentur,
697 4209 848 4270 quousque
866 4201 981 4268 tempus
1000 4185 1062 4245 sive
1081 4192 1169 4264 prae·-

79 4291 156 4341 sente
175 4283 235 4344 sive
256 4282 377 4344 absente
395 4279 479 4364 Rege
501 4293 704 4344 occurrerent:
729 4287 764 4343 et
777 4291 847 4343 tunc
867 4277 1021 4375 praedicti
1018 4273 1169 4338 Seniores

80 4387 158 4434 more
177 4375 282 4452 solito,
308 4373 419 4438 Clerici
444 4375 479 4436 ad
504 4395 600 4453 suam,
623 4375 705 4438 Laici
730 4385 806 4436 ver‘o
827 4375 863 4434 ad
883 4381 975 4433 suam
982 4369 1168 4433 constitutam

83 4467 194 4545 curiam,
214 4469 354 4540 subselliis
373 4469 505 4532 similiter
524 4469 785 4544 honorificabiliter
810 4465 1002 4546 praeparatis,
1022 4480 1168 4528 convoco
