<?xml version="1.0" encoding="UTF-8"?>
<!DOCTYPE html PUBLIC "-//W3C//DTD XHTML 1.0 Transitional//EN"
    "http://www.w3.org/TR/xhtml1/DTD/xhtml1-transitional.dtd">
<html xmlns="http://www.w3.org/1999/xhtml" xml:lang="en" lang="en">
 <head>
  <title>
</title>
<meta http-equiv="Content-Type" content="text/html;charset=utf-8" />
  <meta name='ocr-system' content='tesseract 3.04.00' />
  <meta name='ocr-capabilities' content='ocr_page ocr_carea ocr_par ocr_line ocrx_word'/>
</head>
<body>
  <div class='ocr_page' id='page_1' title='image "./lebenundwandelk00egingoog_0332.png"; bbox 0 0 2900 5086; ppageno 0'>
   <div class='ocr_carea' id='block_1_1' title="bbox 759 391 930 499">
    <p class='ocr_par' dir='ltr' id='par_1_1' title="bbox 759 391 930 499">
     <span class='ocr_line' id='line_1_1' title="bbox 759 391 930 499; baseline -0.012 -35"><span class='ocrx_word' id='word_1_1' title='bbox 759 391 848 464; x_wconf 81' lang='lat' dir='ltr'><strong>are</strong></span> <span class='ocrx_word' id='word_1_2' title='bbox 928 486 930 499; x_wconf 26' lang='grc' dir='ltr'>Ι</span> 
     </span>
    </p>
   </div>
   <div class='ocr_carea' id='block_1_2' title="bbox 580 613 891 750">
    <p class='ocr_par' dir='ltr' id='par_1_2' title="bbox 580 613 891 750">
     <span class='ocr_line' id='line_1_2' title="bbox 580 613 891 750; baseline -0.01 -13"><span class='ocrx_word' id='word_1_3' title='bbox 580 713 582 720; x_wconf 79' lang='lat'><em>.</em></span> <span class='ocrx_word' id='word_1_4' title='bbox 654 692 658 707; x_wconf 93' lang='lat'><strong>·</strong></span> <span class='ocrx_word' id='word_1_5' title='bbox 694 613 891 750; x_wconf 58' lang='lat' dir='ltr'><strong>&#39;xc1v‚a.</strong></span> 
     </span>
    </p>
   </div>
   <div class='ocr_carea' id='block_1_3' title="bbox 212 787 1334 968">
    <p class='ocr_par' dir='ltr' id='par_1_3' title="bbox 212 735 1334 988">
     <span class='ocr_line' id='line_1_3' title="bbox 212 787 1334 869; baseline -0.007 -15"><span class='ocrx_word' id='word_1_6' title='bbox 212 860 215 869; x_wconf 25' lang='lat'><strong>¹</strong></span> <span class='ocrx_word' id='word_1_7' title='bbox 282 795 429 854; x_wconf 64' lang='lat' dir='ltr'><strong>vm</strong></span> <span class='ocrx_word' id='word_1_8' title='bbox 445 789 666 852; x_wconf 64' lang='lat' dir='ltr'><strong>mudum</strong></span> <span class='ocrx_word' id='word_1_9' title='bbox 682 789 867 862; x_wconf 71' lang='lat' dir='ltr'><strong>comus,</strong></span> <span class='ocrx_word' id='word_1_10' title='bbox 884 803 964 860; x_wconf 73' lang='lat' dir='ltr'><strong>qma</strong></span> <span class='ocrx_word' id='word_1_11' title='bbox 980 787 1141 862; x_wconf 74' lang='lat' dir='ltr'><strong>praedia</strong></span> <span class='ocrx_word' id='word_1_12' title='bbox 1155 803 1231 847; x_wconf 77' lang='lat' dir='ltr'><strong>sua</strong></span> <span class='ocrx_word' id='word_1_13' title='bbox 1247 788 1334 846; x_wconf 70' lang='lat' dir='ltr'><strong>alta</strong></span> 
     </span>
     <span class='ocr_line' id='line_1_4' title="bbox 337 887 1264 968; baseline -0.01 -16.492"><span class='ocrx_word' id='word_1_14' title='bbox 337 897 365 951; x_wconf 88' lang='lat' dir='ltr'><strong>in</strong></span> <span class='ocrx_word' id='word_1_15' title='bbox 381 893 510 964; x_wconf 74' lang='lat' dir='ltr'><strong>Briaqovia</strong></span> <span class='ocrx_word' id='word_1_16' title='bbox 527 891 614 946; x_wconf 84' lang='lat' dir='ltr'><strong>vendit</strong></span> <span class='ocrx_word' id='word_1_17' title='bbox 629 891 746 946; x_wconf 82' lang='lat' dir='ltr'><strong>Fulrado</strong></span> <span class='ocrx_word' id='word_1_18' title='bbox 764 891 861 946; x_wconf 76' lang='lat' dir='ltr'><strong>Abbati</strong></span> <span class='ocrx_word' id='word_1_19' title='bbox 878 891 905 947; x_wconf 80' lang='lat' dir='ltr'><strong>S.</strong></span> <span class='ocrx_word' id='word_1_20' title='bbox 923 891 1042 968; x_wconf 65' lang='lat' dir='ltr'><strong>Dionysii</strong></span> <span class='ocrx_word' id='word_1_21' title='bbox 1058 891 1086 945; x_wconf 91' lang='lat' dir='ltr'><strong>in</strong></span> <span class='ocrx_word' id='word_1_22' title='bbox 1102 891 1213 944; x_wconf 81' lang='lat' dir='ltr'><strong>Francia</strong></span> <span class='ocrx_word' id='word_1_23' title='bbox 1229 887 1264 960; x_wconf 89' lang='lat'><strong>¹).</strong></span> 
     </span>
    </p>
   </div>
   <div class='ocr_carea' id='block_1_4' title="bbox 254 1032 1358 1582">
    <p class='ocr_par' dir='ltr' id='par_1_4' title="bbox 254 1032 1358 1582">
     <span class='ocr_line' id='line_1_5' title="bbox 296 1032 1358 1119; baseline -0.012 -17"><span class='ocrx_word' id='word_1_24' title='bbox 296 1040 406 1102; x_wconf 71' lang='lat' dir='ltr'><strong>‘Fratri</strong></span> <span class='ocrx_word' id='word_1_25' title='bbox 424 1037 554 1100; x_wconf 84' lang='lat' dir='ltr'><strong>Folrado</strong></span> <span class='ocrx_word' id='word_1_26' title='bbox 573 1033 690 1098; x_wconf 74' lang='lat' dir='ltr'><strong>Abbate</strong></span> <span class='ocrx_word' id='word_1_27' title='bbox 710 1036 863 1115; x_wconf 75' lang='lat' dir='ltr'><strong>Emptum,</strong></span> <span class='ocrx_word' id='word_1_28' title='bbox 883 1055 940 1119; x_wconf 79' lang='lat' dir='ltr'><strong>ego</strong></span> <span class='ocrx_word' id='word_1_29' title='bbox 962 1033 1152 1096; x_wconf 84' lang='lat' dir='ltr'><strong>Cbrodardus</strong></span> <span class='ocrx_word' id='word_1_30' title='bbox 1164 1032 1265 1095; x_wconf 86' lang='lat' dir='ltr'><strong>Cumis</strong></span> <span class='ocrx_word' id='word_1_31' title='bbox 1282 1032 1358 1093; x_wconf 89' lang='lat' dir='ltr'><strong>vin-</strong></span> 
     </span>
     <span class='ocr_line' id='line_1_6' title="bbox 255 1125 1356 1214; baseline -0.011 -18"><span class='ocrx_word' id='word_1_32' title='bbox 255 1135 391 1212; x_wconf 64' lang='lat' dir='ltr'><strong>deterl).</strong></span> <span class='ocrx_word' id='word_1_33' title='bbox 431 1131 518 1206; x_wconf 84' lang='lat' dir='ltr'><strong>Quae</strong></span> <span class='ocrx_word' id='word_1_34' title='bbox 538 1141 641 1192; x_wconf 85' lang='lat' dir='ltr'><strong>contra</strong></span> <span class='ocrx_word' id='word_1_35' title='bbox 661 1139 740 1190; x_wconf 86' lang='lat' dir='ltr'><strong>aetus</strong></span> <span class='ocrx_word' id='word_1_36' title='bbox 767 1129 830 1189; x_wconf 89' lang='lat' dir='ltr'><strong>aola</strong></span> <span class='ocrx_word' id='word_1_37' title='bbox 855 1128 997 1214; x_wconf 78' lang='lat' dir='ltr'><strong>paccione</strong></span> <span class='ocrx_word' id='word_1_38' title='bbox 1022 1140 1053 1190; x_wconf 91' lang='lat' dir='ltr'><strong>et</strong></span> <span class='ocrx_word' id='word_1_39' title='bbox 1076 1128 1122 1188; x_wconf 91' lang='lat' dir='ltr'><strong>rei</strong></span> <span class='ocrx_word' id='word_1_40' title='bbox 1146 1127 1232 1206; x_wconf 91' lang='lat' dir='ltr'><strong>ipsius</strong></span> <span class='ocrx_word' id='word_1_41' title='bbox 1258 1125 1356 1184; x_wconf 88' lang='lat' dir='ltr'><strong>tradi-</strong></span> 
     </span>
     <span class='ocr_line' id='line_1_7' title="bbox 255 1218 1355 1302; baseline -0.005 -14"><span class='ocrx_word' id='word_1_42' title='bbox 255 1228 343 1288; x_wconf 85' lang='lat' dir='ltr'><strong>cione</strong></span> <span class='ocrx_word' id='word_1_43' title='bbox 362 1225 511 1300; x_wconf 88' lang='lat' dir='ltr'><strong>consistat,</strong></span> <span class='ocrx_word' id='word_1_44' title='bbox 531 1243 564 1284; x_wconf 92' lang='lat' dir='ltr'><strong>ac</strong></span> <span class='ocrx_word' id='word_1_45' title='bbox 582 1221 745 1284; x_wconf 87' lang='lat' dir='ltr'><strong>tabularum</strong></span> <span class='ocrx_word' id='word_1_46' title='bbox 766 1222 948 1302; x_wconf 84' lang='lat' dir='ltr'><strong>aliorumque</strong></span> <span class='ocrx_word' id='word_1_47' title='bbox 968 1223 1211 1282; x_wconf 77' lang='lat' dir='ltr'><strong>documentorum</strong></span> <span class='ocrx_word' id='word_1_48' title='bbox 1235 1218 1355 1283; x_wconf 86' lang='lat' dir='ltr'><strong>adbuc</strong></span> 
     </span>
     <span class='ocr_line' id='line_1_8' title="bbox 254 1312 1353 1400; baseline -0.009 -19"><span class='ocrx_word' id='word_1_49' title='bbox 254 1331 367 1387; x_wconf 80' lang='lat' dir='ltr'><strong>tanmm</strong></span> <span class='ocrx_word' id='word_1_50' title='bbox 386 1317 614 1400; x_wconf 85' lang='lat' dir='ltr'><strong>interponantur</strong></span> <span class='ocrx_word' id='word_1_51' title='bbox 632 1315 801 1394; x_wconf 78' lang='lat' dir='ltr'><strong>instructio,</strong></span> <span class='ocrx_word' id='word_1_52' title='bbox 819 1327 853 1376; x_wconf 89' lang='lat' dir='ltr'><strong>ut</strong></span> <span class='ocrx_word' id='word_1_53' title='bbox 872 1315 939 1376; x_wconf 90' lang='lat' dir='ltr'><strong>fidei</strong></span> <span class='ocrx_word' id='word_1_54' title='bbox 958 1315 1002 1376; x_wconf 90' lang='lat' dir='ltr'><strong>rel</strong></span> <span class='ocrx_word' id='word_1_55' title='bbox 1021 1315 1115 1375; x_wconf 86' lang='lat' dir='ltr'><strong>factae</strong></span> <span class='ocrx_word' id='word_1_56' title='bbox 1135 1323 1165 1374; x_wconf 90' lang='lat' dir='ltr'><strong>et</strong></span> <span class='ocrx_word' id='word_1_57' title='bbox 1182 1312 1254 1372; x_wconf 80' lang='lat' dir='ltr'><strong>iuris</strong></span> <span class='ocrx_word' id='word_1_58' title='bbox 1272 1312 1353 1372; x_wconf 88' lang='lat' dir='ltr'><strong>ratio</strong></span> 
     </span>
     <span class='ocr_line' id='line_1_9' title="bbox 256 1405 1355 1498; baseline -0.009 -24"><span class='ocrx_word' id='word_1_59' title='bbox 256 1410 473 1494; x_wconf 88' lang='lat' dir='ltr'><strong>comprobatur.</strong></span> <span class='ocrx_word' id='word_1_60' title='bbox 512 1407 628 1470; x_wconf 78' lang='lat' dir='ltr'><strong>Idcirco</strong></span> <span class='ocrx_word' id='word_1_61' title='bbox 652 1409 807 1484; x_wconf 89' lang='lat' dir='ltr'><strong>vindetur,</strong></span> <span class='ocrx_word' id='word_1_62' title='bbox 836 1405 998 1498; x_wconf 80' lang='lat' dir='ltr'><strong>vindedisse</strong></span> <span class='ocrx_word' id='word_1_63' title='bbox 1017 1427 1064 1468; x_wconf 91' lang='lat' dir='ltr'><strong>me</strong></span> <span class='ocrx_word' id='word_1_64' title='bbox 1084 1405 1141 1465; x_wconf 88' lang='lat' dir='ltr'><strong>tibi</strong></span> <span class='ocrx_word' id='word_1_65' title='bbox 1160 1417 1291 1481; x_wconf 84' lang='lat' dir='ltr'><strong>constat,</strong></span> <span class='ocrx_word' id='word_1_66' title='bbox 1324 1415 1355 1465; x_wconf 88' lang='lat' dir='ltr'><strong>et</strong></span> 
     </span>
     <span class='ocr_line' id='line_1_10' title="bbox 255 1499 1353 1582; baseline -0.008 -16"><span class='ocrx_word' id='word_1_67' title='bbox 255 1503 447 1568; x_wconf 82' lang='lat' dir='ltr'><strong>ita·viiadedi·</strong></span> <span class='ocrx_word' id='word_1_68' title='bbox 466 1502 497 1562; x_wconf 91' lang='lat' dir='ltr'><strong>in</strong></span> <span class='ocrx_word' id='word_1_69' title='bbox 516 1501 632 1562; x_wconf 85' lang='lat' dir='ltr'><strong>Ducato</strong></span> <span class='ocrx_word' id='word_1_70' title='bbox 658 1501 887 1564; x_wconf 77' lang='lat' dir='ltr'><strong>Alamannorum</strong></span> <span class='ocrx_word' id='word_1_71' title='bbox 911 1500 941 1560; x_wconf 92' lang='lat' dir='ltr'><strong>in</strong></span> <span class='ocrx_word' id='word_1_72' title='bbox 967 1519 1046 1581; x_wconf 81' lang='lat' dir='ltr'><strong>pago</strong></span> <span class='ocrx_word' id='word_1_73' title='bbox 1071 1499 1353 1582; x_wconf 78' lang='lat' dir='ltr'><strong>Brisagaviensis⁸)‚</strong></span> 
     </span>
    </p>
   </div>
   <div class='ocr_carea' id='block_1_5' title="bbox 153 1591 1353 1682">
    <p class='ocr_par' dir='ltr' id='par_1_5' title="bbox 153 1591 1353 1682">
     <span class='ocr_line' id='line_1_11' title="bbox 153 1591 1353 1682; baseline -0.008 -22"><span class='ocrx_word' id='word_1_74' title='bbox 153 1657 158 1667; x_wconf 92' lang='grc'><em>,</em></span> <span class='ocrx_word' id='word_1_75' title='bbox 256 1607 342 1682; x_wconf 81' lang='lat' dir='ltr'><strong>quem</strong></span> <span class='ocrx_word' id='word_1_76' title='bbox 358 1597 427 1658; x_wconf 91' lang='lat' dir='ltr'><strong>dato</strong></span> <span class='ocrx_word' id='word_1_77' title='bbox 446 1594 548 1676; x_wconf 89' lang='lat' dir='ltr'><strong>precio</strong></span> <span class='ocrx_word' id='word_1_78' title='bbox 568 1593 746 1674; x_wconf 84' lang='lat' dir='ltr'><strong>comparavi,</strong></span> <span class='ocrx_word' id='word_1_79' title='bbox 765 1603 815 1654; x_wconf 86' lang='lat' dir='ltr'><strong>aut</strong></span> <span class='ocrx_word' id='word_1_80' title='bbox 833 1591 944 1654; x_wconf 79' lang='lat' dir='ltr'><strong>colibet</strong></span> <span class='ocrx_word' id='word_1_81' title='bbox 962 1593 1053 1654; x_wconf 85' lang='lat' dir='ltr'><strong>modo</strong></span> <span class='ocrx_word' id='word_1_82' title='bbox 1072 1593 1182 1652; x_wconf 84' lang='lat' dir='ltr'><strong>adtraxi</strong></span> <span class='ocrx_word' id='word_1_83' title='bbox 1200 1605 1231 1653; x_wconf 88' lang='lat' dir='ltr'><strong>et</strong></span> <span class='ocrx_word' id='word_1_84' title='bbox 1247 1611 1353 1672; x_wconf 87' lang='lat' dir='ltr'><strong>prom-</strong></span> 
     </span>
    </p>
   </div>
   <div class='ocr_carea' id='block_1_6' title="bbox 254 1683 1352 2142">
    <p class='ocr_par' dir='ltr' id='par_1_6' title="bbox 254 1683 1352 2142">
     <span class='ocr_line' id='line_1_12' title="bbox 255 1683 1352 1762; baseline -0.008 -9"><span class='ocrx_word' id='word_1_85' title='bbox 255 1692 363 1756; x_wconf 87' lang='lat' dir='ltr'><strong>tissima</strong></span> <span class='ocrx_word' id='word_1_86' title='bbox 381 1688 533 1752; x_wconf 89' lang='lat' dir='ltr'><strong>voluntate</strong></span> <span class='ocrx_word' id='word_1_87' title='bbox 551 1687 636 1748; x_wconf 84' lang='lat' dir='ltr'><strong>vobis</strong></span> <span class='ocrx_word' id='word_1_88' title='bbox 655 1687 810 1762; x_wconf 84' lang='lat' dir='ltr'><strong>firmamus,</strong></span> <span class='ocrx_word' id='word_1_89' title='bbox 832 1685 890 1747; x_wconf 90' lang='lat' dir='ltr'><strong>boc</strong></span> <span class='ocrx_word' id='word_1_90' title='bbox 909 1696 963 1762; x_wconf 81' lang='lat' dir='ltr'><strong>ert,</strong></span> <span class='ocrx_word' id='word_1_91' title='bbox 982 1685 1013 1746; x_wconf 91' lang='lat' dir='ltr'><strong>in</strong></span> <span class='ocrx_word' id='word_1_92' title='bbox 1033 1685 1106 1746; x_wconf 81' lang='lat' dir='ltr'><strong>fines</strong></span> <span class='ocrx_word' id='word_1_93' title='bbox 1123 1683 1171 1748; x_wconf 82' lang='lat' dir='ltr'><strong>sel</strong></span> <span class='ocrx_word' id='word_1_94' title='bbox 1189 1685 1221 1746; x_wconf 93' lang='lat' dir='ltr'><strong>in</strong></span> <span class='ocrx_word' id='word_1_95' title='bbox 1240 1705 1352 1746; x_wconf 86' lang='lat' dir='ltr'><strong>mareas</strong></span> 
     </span>
     <span class='ocr_line' id='line_1_13' title="bbox 256 1777 1350 1857; baseline -0.005 -11"><span class='ocrx_word' id='word_1_96' title='bbox 256 1783 453 1846; x_wconf 85' lang='lat' dir='ltr'><strong>Biuubbaime</strong></span> <span class='ocrx_word' id='word_1_97' title='bbox 477 1779 533 1842; x_wconf 87' lang='lat' dir='ltr'><strong>sibi</strong></span> <span class='ocrx_word' id='word_1_98' title='bbox 551 1778 851 1857; x_wconf 71' lang='lat' dir='ltr'><strong>aonrnnctaw),</strong></span> <span class='ocrx_word' id='word_1_99' title='bbox 879 1778 959 1838; x_wconf 93' lang='lat' dir='ltr'><strong>etin</strong></span> <span class='ocrx_word' id='word_1_100' title='bbox 979 1777 1033 1839; x_wconf 91' lang='lat' dir='ltr'><strong>alia</strong></span> <span class='ocrx_word' id='word_1_101' title='bbox 1052 1778 1119 1842; x_wconf 88' lang='lat' dir='ltr'><strong>loca</strong></span> <span class='ocrx_word' id='word_1_102' title='bbox 1139 1778 1170 1838; x_wconf 94' lang='lat' dir='ltr'><strong>in</strong></span> <span class='ocrx_word' id='word_1_103' title='bbox 1189 1778 1350 1840; x_wconf 83' lang='lat' dir='ltr'><strong>Tobtarin-</strong></span> 
     </span>
     <span class='ocr_line' id='line_1_14' title="bbox 255 1869 1349 1955; baseline -0.007 -16"><span class='ocrx_word' id='word_1_104' title='bbox 255 1877 401 1955; x_wconf 64' lang='lat' dir='ltr'><strong>eboval),</strong></span> <span class='ocrx_word' id='word_1_105' title='bbox 420 1875 451 1936; x_wconf 90' lang='lat' dir='ltr'><strong>in</strong></span> <span class='ocrx_word' id='word_1_106' title='bbox 473 1873 751 1950; x_wconf 69' lang='lat' dir='ltr'><strong>Gotonesvilarel),</strong></span> <span class='ocrx_word' id='word_1_107' title='bbox 770 1872 801 1931; x_wconf 87' lang='lat' dir='ltr'><strong>in</strong></span> <span class='ocrx_word' id='word_1_108' title='bbox 821 1869 992 1952; x_wconf 85' lang='lat' dir='ltr'><strong>Walabpab</strong></span> <span class='ocrx_word' id='word_1_109' title='bbox 1004 1874 1052 1950; x_wconf 71' lang='lat' dir='ltr'><strong>l),</strong></span> <span class='ocrx_word' id='word_1_110' title='bbox 1070 1873 1101 1932; x_wconf 89' lang='lat' dir='ltr'><strong>in</strong></span> <span class='ocrx_word' id='word_1_111' title='bbox 1122 1871 1349 1954; x_wconf 79' lang='lat' dir='ltr'><strong>llaoltingas⁸),</strong></span> 
     </span>
     <span class='ocr_line' id='line_1_15' title="bbox 254 1963 1351 2052; baseline -0.004 -22"><span class='ocrx_word' id='word_1_112' title='bbox 254 1971 287 2030; x_wconf 92' lang='lat' dir='ltr'><strong>in</strong></span> <span class='ocrx_word' id='word_1_113' title='bbox 305 1967 575 2052; x_wconf 66' lang='lat' dir='ltr'><strong>Agomoeingart),</strong></span> <span class='ocrx_word' id='word_1_114' title='bbox 605 1965 637 2023; x_wconf 90' lang='lat' dir='ltr'><strong>in</strong></span> <span class='ocrx_word' id='word_1_115' title='bbox 656 1963 904 2042; x_wconf 86' lang='lat' dir='ltr'><strong>Binusbaim¹⁰),</strong></span> <span class='ocrx_word' id='word_1_116' title='bbox 929 1964 960 2024; x_wconf 91' lang='lat' dir='ltr'><strong>in</strong></span> <span class='ocrx_word' id='word_1_117' title='bbox 988 1965 1291 2046; x_wconf 84' lang='lat' dir='ltr'><strong>Eppalincbova¹¹)·,</strong></span> <span class='ocrx_word' id='word_1_118' title='bbox 1319 1967 1351 2026; x_wconf 90' lang='lat' dir='ltr'><strong>in</strong></span> 
     </span>
     <span class='ocr_line' id='line_1_16' title="bbox 254 2057 1350 2142; baseline -0.002 -20"><span class='ocrx_word' id='word_1_119' title='bbox 254 2063 331 2142; x_wconf 88' lang='lat' dir='ltr'><strong>ipsas</strong></span> <span class='ocrx_word' id='word_1_120' title='bbox 350 2062 430 2120; x_wconf 88' lang='lat' dir='ltr'><strong>locas</strong></span> <span class='ocrx_word' id='word_1_121' title='bbox 450 2057 666 2133; x_wconf 91' lang='lat' dir='ltr'><strong>denominatas,</strong></span> <span class='ocrx_word' id='word_1_122' title='bbox 690 2057 720 2120; x_wconf 93' lang='lat' dir='ltr'><strong>id</strong></span> <span class='ocrx_word' id='word_1_123' title='bbox 740 2070 783 2118; x_wconf 91' lang='lat' dir='ltr'><strong>est</strong></span> <span class='ocrx_word' id='word_1_124' title='bbox 802 2079 868 2119; x_wconf 89' lang='lat' dir='ltr'><strong>cnm</strong></span> <span class='ocrx_word' id='word_1_125' title='bbox 887 2057 988 2134; x_wconf 88' lang='lat' dir='ltr'><strong>terris,</strong></span> <span class='ocrx_word' id='word_1_126' title='bbox 1006 2077 1057 2118; x_wconf 84' lang='lat' dir='ltr'><strong>seu</strong></span> <span class='ocrx_word' id='word_1_127' title='bbox 1076 2059 1276 2139; x_wconf 82' lang='lat' dir='ltr'><strong>proterrariir,</strong></span> <span class='ocrx_word' id='word_1_128' title='bbox 1295 2059 1350 2120; x_wconf 91' lang='lat' dir='ltr'><strong>do·</strong></span> 
     </span>
    </p>
   </div>
   <div class='ocr_carea' id='block_1_7' title="bbox 139 2151 1349 2232">
    <p class='ocr_par' dir='ltr' id='par_1_7' title="bbox 139 2151 1349 2232">
     <span class='ocr_line' id='line_1_17' title="bbox 139 2151 1349 2232; baseline -0.002 -17"><span class='ocrx_word' id='word_1_129' title='bbox 139 2181 142 2189; x_wconf 55' lang='lat'><em>*</em></span> <span class='ocrx_word' id='word_1_130' title='bbox 254 2155 366 2230; x_wconf 79' lang='lat' dir='ltr'><strong>suibus,</strong></span> <span class='ocrx_word' id='word_1_131' title='bbox 384 2151 539 2226; x_wconf 86' lang='lat' dir='ltr'><strong>aedificiis,</strong></span> <span class='ocrx_word' id='word_1_132' title='bbox 557 2151 727 2232; x_wconf 77' lang='lat' dir='ltr'><strong>mancipiis,</strong></span> <span class='ocrx_word' id='word_1_133' title='bbox 745 2151 854 2227; x_wconf 84' lang='lat' dir='ltr'><strong>vineis,</strong></span> <span class='ocrx_word' id='word_1_134' title='bbox 873 2151 967 2226; x_wconf 84' lang='lat' dir='ltr'><strong>silvis,</strong></span> <span class='ocrx_word' id='word_1_135' title='bbox 987 2152 1074 2227; x_wconf 87' lang='lat' dir='ltr'><strong>casis,</strong></span> <span class='ocrx_word' id='word_1_136' title='bbox 1094 2151 1206 2228; x_wconf 88' lang='lat' dir='ltr'><strong>casalis,</strong></span> <span class='ocrx_word' id='word_1_137' title='bbox 1231 2153 1349 2232; x_wconf 85' lang='lat' dir='ltr'><strong>campis,</strong></span> 
     </span>
    </p>
   </div>
   <div class='ocr_carea' id='block_1_8' title="bbox 254 2230 1433 2794">
    <p class='ocr_par' dir='ltr' id='par_1_8' title="bbox 254 2230 1433 2794">
     <span class='ocr_line' id='line_1_18' title="bbox 254 2230 1433 2330; baseline -0.007 -20"><span class='ocrx_word' id='word_1_138' title='bbox 254 2248 345 2330; x_wconf 87' lang='lat' dir='ltr'><strong>pratia</strong></span> <span class='ocrx_word' id='word_1_139' title='bbox 364 2245 488 2328; x_wconf 86' lang='lat' dir='ltr'><strong>pascuis,</strong></span> <span class='ocrx_word' id='word_1_140' title='bbox 507 2243 640 2324; x_wconf 85' lang='lat' dir='ltr'><strong>peculiis,</strong></span> <span class='ocrx_word' id='word_1_141' title='bbox 658 2243 809 2326; x_wconf 85' lang='lat' dir='ltr'><strong>apsnticiis</strong></span> <span class='ocrx_word' id='word_1_142' title='bbox 821 2245 883 2323; x_wconf 83' lang='lat'><strong>¹²),</strong></span> <span class='ocrx_word' id='word_1_143' title='bbox 899 2242 1053 2321; x_wconf 84' lang='lat' dir='ltr'><strong>farinariis,</strong></span> <span class='ocrx_word' id='word_1_144' title='bbox 1070 2230 1345 2325; x_wconf 52' lang='lat' dir='ltr'><strong>equitatur-mure</strong></span> <span class='ocrx_word' id='word_1_145' title='bbox 1432 2273 1433 2302; x_wconf 72' lang='lat'>1</span> 
     </span>
     <span class='ocr_line' id='line_1_19' title="bbox 255 2333 1348 2418; baseline -0.006 -15"><span class='ocrx_word' id='word_1_146' title='bbox 255 2339 434 2416; x_wconf 83' lang='lat' dir='ltr'><strong>decursibus,</strong></span> <span class='ocrx_word' id='word_1_147' title='bbox 452 2359 534 2400; x_wconf 84' lang='lat' dir='ltr'><strong>sexus</strong></span> <span class='ocrx_word' id='word_1_148' title='bbox 553 2337 704 2418; x_wconf 84' lang='lat' dir='ltr'><strong>utriusque</strong></span> <span class='ocrx_word' id='word_1_149' title='bbox 723 2333 834 2399; x_wconf 86' lang='lat' dir='ltr'><strong>maiore</strong></span> <span class='ocrx_word' id='word_1_150' title='bbox 853 2336 899 2398; x_wconf 89' lang='lat' dir='ltr'><strong>vel</strong></span> <span class='ocrx_word' id='word_1_151' title='bbox 918 2335 1049 2412; x_wconf 87' lang='lat' dir='ltr'><strong>minore,</strong></span> <span class='ocrx_word' id='word_1_152' title='bbox 1067 2337 1226 2398; x_wconf 88' lang='lat' dir='ltr'><strong>mobilibus</strong></span> <span class='ocrx_word' id='word_1_153' title='bbox 1245 2348 1275 2397; x_wconf 85' lang='lat' dir='ltr'><strong>et</strong></span> <span class='ocrx_word' id='word_1_154' title='bbox 1291 2337 1348 2396; x_wconf 86' lang='lat' dir='ltr'><strong>inr-</strong></span> 
     </span>
     <span class='ocr_line' id='line_1_20' title="bbox 255 2428 1350 2510; baseline -0.004 -14"><span class='ocrx_word' id='word_1_155' title='bbox 255 2431 415 2498; x_wconf 75' lang='lat' dir='ltr'><strong>mobilibus</strong></span> <span class='ocrx_word' id='word_1_156' title='bbox 434 2451 500 2492; x_wconf 88' lang='lat' dir='ltr'><strong>curn</strong></span> <span class='ocrx_word' id='word_1_157' title='bbox 526 2430 623 2490; x_wconf 87' lang='lat' dir='ltr'><strong>omnia</strong></span> <span class='ocrx_word' id='word_1_158' title='bbox 648 2429 811 2491; x_wconf 89' lang='lat' dir='ltr'><strong>adiecentia</strong></span> <span class='ocrx_word' id='word_1_159' title='bbox 837 2429 873 2490; x_wconf 87' lang='lat' dir='ltr'><strong>ad</strong></span> <span class='ocrx_word' id='word_1_160' title='bbox 899 2428 974 2509; x_wconf 85' lang='lat' dir='ltr'><strong>lpsaa</strong></span> <span class='ocrx_word' id='word_1_161' title='bbox 997 2449 1044 2490; x_wconf 91' lang='lat' dir='ltr'><strong>res</strong></span> <span class='ocrx_word' id='word_1_162' title='bbox 1069 2437 1275 2510; x_wconf 75' lang='lat' dir='ltr'><strong>pertenentes,</strong></span> <span class='ocrx_word' id='word_1_163' title='bbox 1301 2443 1350 2492; x_wconf 88' lang='lat' dir='ltr'><strong>aut</strong></span> 
     </span>
     <span class='ocr_line' id='line_1_21' title="bbox 254 2519 1349 2604; baseline -0.002 -17"><span class='ocrx_word' id='word_1_164' title='bbox 254 2527 458 2604; x_wconf 80' lang='lat' dir='ltr'><strong>undecumque</strong></span> <span class='ocrx_word' id='word_1_165' title='bbox 478 2523 509 2584; x_wconf 88' lang='lat' dir='ltr'><strong>iu</strong></span> <span class='ocrx_word' id='word_1_166' title='bbox 527 2523 605 2604; x_wconf 86' lang='lat' dir='ltr'><strong>ipsas</strong></span> <span class='ocrx_word' id='word_1_167' title='bbox 625 2519 704 2584; x_wconf 85' lang='lat' dir='ltr'><strong>locas</strong></span> <span class='ocrx_word' id='word_1_168' title='bbox 723 2523 795 2583; x_wconf 87' lang='lat' dir='ltr'><strong>mihi</strong></span> <span class='ocrx_word' id='word_1_169' title='bbox 815 2521 942 2602; x_wconf 84' lang='lat' dir='ltr'><strong>opvinit‚</strong></span> <span class='ocrx_word' id='word_1_170' title='bbox 972 2531 1033 2581; x_wconf 86' lang='lat' dir='ltr'><strong>tam</strong></span> <span class='ocrx_word' id='word_1_171' title='bbox 1054 2521 1090 2584; x_wconf 92' lang='lat' dir='ltr'><strong>de</strong></span> <span class='ocrx_word' id='word_1_172' title='bbox 1110 2534 1281 2604; x_wconf 91' lang='lat' dir='ltr'><strong>comparato</strong></span> <span class='ocrx_word' id='word_1_173' title='bbox 1299 2543 1349 2585; x_wconf 89' lang='lat' dir='ltr'><strong>seo</strong></span> 
     </span>
     <span class='ocr_line' id='line_1_22' title="bbox 257 2613 1348 2698; baseline -0.004 -18"><span class='ocrx_word' id='word_1_174' title='bbox 257 2621 294 2680; x_wconf 89' lang='lat' dir='ltr'><strong>de</strong></span> <span class='ocrx_word' id='word_1_175' title='bbox 310 2617 509 2698; x_wconf 56' lang='lat' dir='ltr'><strong>&#39;conquesito‚</strong></span> <span class='ocrx_word' id='word_1_176' title='bbox 533 2617 581 2678; x_wconf 92' lang='lat' dir='ltr'><strong>vel</strong></span> <span class='ocrx_word' id='word_1_177' title='bbox 601 2615 637 2678; x_wconf 90' lang='lat' dir='ltr'><strong>de</strong></span> <span class='ocrx_word' id='word_1_178' title='bbox 658 2616 864 2691; x_wconf 74' lang='lat' dir='ltr'><strong>concamium,</strong></span> <span class='ocrx_word' id='word_1_179' title='bbox 890 2625 1029 2694; x_wconf 89' lang='lat' dir='ltr'><strong>quantum</strong></span> <span class='ocrx_word' id='word_1_180' title='bbox 1048 2613 1080 2674; x_wconf 90' lang='lat' dir='ltr'><strong>in</strong></span> <span class='ocrx_word' id='word_1_181' title='bbox 1098 2617 1174 2696; x_wconf 89' lang='lat' dir='ltr'><strong>ipsas</strong></span> <span class='ocrx_word' id='word_1_182' title='bbox 1197 2615 1279 2677; x_wconf 88' lang='lat' dir='ltr'><strong>locas</strong></span> <span class='ocrx_word' id='word_1_183' title='bbox 1302 2637 1348 2676; x_wconf 87' lang='lat' dir='ltr'><strong>su-</strong></span> 
     </span>
     <span class='ocr_line' id='line_1_23' title="bbox 254 2708 1349 2794; baseline -0.003 -21"><span class='ocrx_word' id='word_1_184' title='bbox 254 2713 354 2794; x_wconf 87' lang='lat' dir='ltr'><strong>perios</strong></span> <span class='ocrx_word' id='word_1_185' title='bbox 379 2709 583 2771; x_wconf 85' lang='lat' dir='ltr'><strong>denominatos</strong></span> <span class='ocrx_word' id='word_1_186' title='bbox 607 2709 684 2770; x_wconf 77' lang='lat' dir='ltr'><strong>viam</strong></span> <span class='ocrx_word' id='word_1_187' title='bbox 711 2731 773 2769; x_wconf 88' lang='lat' dir='ltr'><strong>sum</strong></span> <span class='ocrx_word' id='word_1_188' title='bbox 797 2708 906 2768; x_wconf 85' lang='lat' dir='ltr'><strong>babere</strong></span> <span class='ocrx_word' id='word_1_189' title='bbox 929 2717 1025 2766; x_wconf 87' lang='lat' dir='ltr'><strong>totum</strong></span> <span class='ocrx_word' id='word_1_190' title='bbox 1051 2717 1079 2768; x_wconf 92' lang='lat' dir='ltr'><strong>et</strong></span> <span class='ocrx_word' id='word_1_191' title='bbox 1102 2709 1138 2768; x_wconf 88' lang='lat' dir='ltr'><strong>ad</strong></span> <span class='ocrx_word' id='word_1_192' title='bbox 1160 2708 1309 2791; x_wconf 82' lang='lat' dir='ltr'><strong>integram</strong></span> <span class='ocrx_word' id='word_1_193' title='bbox 1332 2731 1349 2770; x_wconf 90' lang='lat' dir='ltr'><strong>a</strong></span> 
     </span>
    </p>
   </div>
   <div class='ocr_carea' id='block_1_9' title="bbox 128 2797 1346 2883">
    <p class='ocr_par' dir='ltr' id='par_1_9' title="bbox 128 2797 1346 2883">
     <span class='ocr_line' id='line_1_24' title="bbox 128 2797 1346 2883; baseline 0 -20"><span class='ocrx_word' id='word_1_194' title='bbox 128 2837 131 2844; x_wconf 92' lang='lat'>·</span> <span class='ocrx_word' id='word_1_195' title='bbox 256 2803 303 2863; x_wconf 91' lang='lat' dir='ltr'><strong>die</strong></span> <span class='ocrx_word' id='word_1_196' title='bbox 328 2813 482 2879; x_wconf 74' lang='lat' dir='ltr'><strong>praesente</strong></span> <span class='ocrx_word' id='word_1_197' title='bbox 508 2801 544 2858; x_wconf 89' lang='lat' dir='ltr'><strong>de</strong></span> <span class='ocrx_word' id='word_1_198' title='bbox 571 2819 638 2856; x_wconf 88' lang='lat' dir='ltr'><strong>meo</strong></span> <span class='ocrx_word' id='word_1_199' title='bbox 662 2801 726 2858; x_wconf 88' lang='lat' dir='ltr'><strong>iure</strong></span> <span class='ocrx_word' id='word_1_200' title='bbox 752 2799 783 2856; x_wconf 91' lang='lat' dir='ltr'><strong>iu</strong></span> <span class='ocrx_word' id='word_1_201' title='bbox 806 2807 903 2858; x_wconf 85' lang='lat' dir='ltr'><strong>vestra</strong></span> <span class='ocrx_word' id='word_1_202' title='bbox 926 2797 1011 2858; x_wconf 87' lang='lat' dir='ltr'><strong>trado</strong></span> <span class='ocrx_word' id='word_1_203' title='bbox 1038 2800 1240 2862; x_wconf 80' lang='lat' dir='ltr'><strong>dominatione</strong></span> <span class='ocrx_word' id='word_1_204' title='bbox 1264 2813 1346 2883; x_wconf 85' lang='lat' dir='ltr'><strong>atque</strong></span> 
     </span>
    </p>
   </div>
   <div class='ocr_carea' id='block_1_10' title="bbox 172 2887 1432 3255">
    <p class='ocr_par' dir='ltr' id='par_1_10' title="bbox 172 2887 1432 3255">
     <span class='ocr_line' id='line_1_25' title="bbox 254 2887 1432 2984; baseline 0.003 -30"><span class='ocrx_word' id='word_1_205' title='bbox 254 2889 428 2954; x_wconf 80' lang='lat' dir='ltr'><strong>transfundo</strong></span> <span class='ocrx_word' id='word_1_206' title='bbox 447 2887 658 2970; x_wconf 80' lang='lat' dir='ltr'><strong>perpetualiter</strong></span> <span class='ocrx_word' id='word_1_207' title='bbox 675 2890 711 2950; x_wconf 94' lang='lat' dir='ltr'><strong>ad</strong></span> <span class='ocrx_word' id='word_1_208' title='bbox 730 2890 953 2970; x_wconf 76' lang='lat' dir='ltr'><strong>possedendum.</strong></span> <span class='ocrx_word' id='word_1_209' title='bbox 993 2894 1080 2954; x_wconf 91' lang='lat' dir='ltr'><strong>Unde</strong></span> <span class='ocrx_word' id='word_1_210' title='bbox 1100 2895 1261 2976; x_wconf 85' lang='lat' dir='ltr'><strong>accepimus</strong></span> <span class='ocrx_word' id='word_1_211' title='bbox 1282 2909 1347 2958; x_wconf 88' lang='lat' dir='ltr'><strong>ate</strong></span> <span class='ocrx_word' id='word_1_212' title='bbox 1431 2943 1432 2984; x_wconf 75' lang='lat'><strong>,</strong></span> 
     </span>
     <span class='ocr_line' id='line_1_26' title="bbox 255 2981 1344 3069; baseline 0.003 -23"><span class='ocrx_word' id='word_1_213' title='bbox 255 2987 286 3050; x_wconf 94' lang='lat' dir='ltr'><strong>in</strong></span> <span class='ocrx_word' id='word_1_214' title='bbox 305 2983 454 3067; x_wconf 88' lang='lat' dir='ltr'><strong>precium,</strong></span> <span class='ocrx_word' id='word_1_215' title='bbox 483 2982 558 3044; x_wconf 83' lang='lat' dir='ltr'><strong>sicut</strong></span> <span class='ocrx_word' id='word_1_216' title='bbox 575 2981 653 3044; x_wconf 89' lang='lat' dir='ltr'><strong>intcr</strong></span> <span class='ocrx_word' id='word_1_217' title='bbox 671 3003 725 3044; x_wconf 90' lang='lat' dir='ltr'><strong>nos</strong></span> <span class='ocrx_word' id='word_1_218' title='bbox 745 2982 855 3063; x_wconf 88' lang='lat' dir='ltr'><strong>placuit</strong></span> <span class='ocrx_word' id='word_1_219' title='bbox 873 2995 959 3064; x_wconf 85' lang='lat' dir='ltr'><strong>atque</strong></span> <span class='ocrx_word' id='word_1_220' title='bbox 979 2987 1127 3065; x_wconf 85' lang='lat' dir='ltr'><strong>convinit,</strong></span> <span class='ocrx_word' id='word_1_221' title='bbox 1150 2988 1257 3049; x_wconf 87' lang='lat' dir='ltr'><strong>solidus</strong></span> <span class='ocrx_word' id='word_1_222' title='bbox 1275 3008 1344 3069; x_wconf 92' lang='lat' dir='ltr'><strong>pro-</strong></span> 
     </span>
     <span class='ocr_line' id='line_1_27' title="bbox 172 3077 1347 3159; baseline 0.003 -19"><span class='ocrx_word' id='word_1_223' title='bbox 172 3107 180 3118; x_wconf 58' lang='lat'><em>*</em></span> <span class='ocrx_word' id='word_1_224' title='bbox 256 3081 310 3141; x_wconf 84' lang='lat' dir='ltr'><strong>bus</strong></span> <span class='ocrx_word' id='word_1_225' title='bbox 330 3087 514 3159; x_wconf 87' lang='lat' dir='ltr'><strong>atpensantes</strong></span> <span class='ocrx_word' id='word_1_226' title='bbox 534 3093 685 3136; x_wconf 88' lang='lat' dir='ltr'><strong>numerum</strong></span> <span class='ocrx_word' id='word_1_227' title='bbox 705 3077 834 3158; x_wconf 89' lang='lat' dir='ltr'><strong>quinque</strong></span> <span class='ocrx_word' id='word_1_228' title='bbox 852 3077 945 3138; x_wconf 87' lang='lat' dir='ltr'><strong>milia:</strong></span> <span class='ocrx_word' id='word_1_229' title='bbox 975 3099 1009 3139; x_wconf 90' lang='lat' dir='ltr'><strong>ea</strong></span> <span class='ocrx_word' id='word_1_230' title='bbox 1029 3077 1093 3140; x_wconf 87' lang='lat' dir='ltr'><strong>viro</strong></span> <span class='ocrx_word' id='word_1_231' title='bbox 1114 3081 1296 3158; x_wconf 90' lang='lat' dir='ltr'><strong>conditione,</strong></span> <span class='ocrx_word' id='word_1_232' title='bbox 1314 3095 1347 3144; x_wconf 89' lang='lat' dir='ltr'><strong>ut</strong></span> 
     </span>
     <span class='ocr_line' id='line_1_28' title="bbox 256 3169 1346 3255; baseline 0.003 -21"><span class='ocrx_word' id='word_1_233' title='bbox 256 3173 293 3235; x_wconf 86' lang='lat' dir='ltr'><strong>ab</strong></span> <span class='ocrx_word' id='word_1_234' title='bbox 314 3193 348 3234; x_wconf 92' lang='lat' dir='ltr'><strong>ac</strong></span> <span class='ocrx_word' id='word_1_235' title='bbox 368 3171 416 3232; x_wconf 92' lang='lat' dir='ltr'><strong>die</strong></span> <span class='ocrx_word' id='word_1_236' title='bbox 435 3171 511 3252; x_wconf 88' lang='lat' dir='ltr'><strong>ipsas</strong></span> <span class='ocrx_word' id='word_1_237' title='bbox 531 3189 577 3231; x_wconf 87' lang='lat' dir='ltr'><strong>res</strong></span> <span class='ocrx_word' id='word_1_238' title='bbox 596 3170 728 3250; x_wconf 86' lang='lat' dir='ltr'><strong>superius</strong></span> <span class='ocrx_word' id='word_1_239' title='bbox 748 3171 949 3235; x_wconf 85' lang='lat' dir='ltr'><strong>denominatas</strong></span> <span class='ocrx_word' id='word_1_240' title='bbox 969 3169 1089 3248; x_wconf 87' lang='lat' dir='ltr'><strong>babeas,</strong></span> <span class='ocrx_word' id='word_1_241' title='bbox 1118 3183 1235 3250; x_wconf 86' lang='lat' dir='ltr'><strong>teneas,</strong></span> <span class='ocrx_word' id='word_1_242' title='bbox 1263 3186 1346 3255; x_wconf 91' lang='lat' dir='ltr'><strong>atque</strong></span> 
     </span>
    </p>
   </div>
   <div class='ocr_carea' id='block_1_11' title="bbox 141 3264 1347 3348">
    <p class='ocr_par' dir='ltr' id='par_1_11' title="bbox 141 3264 1347 3348">
     <span class='ocr_line' id='line_1_29' title="bbox 141 3264 1347 3348; baseline 0.002 -21"><span class='ocrx_word' id='word_1_243' title='bbox 141 3300 148 3310; x_wconf 91' lang='lat'><strong>·</strong></span> <span class='ocrx_word' id='word_1_244' title='bbox 256 3265 431 3347; x_wconf 69' lang='lat' dir='ltr'><strong>possedeas,</strong></span> <span class='ocrx_word' id='word_1_245' title='bbox 449 3265 565 3338; x_wconf 75' lang='lat' dir='ltr'><strong>vindat,</strong></span> <span class='ocrx_word' id='word_1_246' title='bbox 584 3275 758 3339; x_wconf 83' lang='lat' dir='ltr'><strong>commutas,</strong></span> <span class='ocrx_word' id='word_1_247' title='bbox 778 3275 808 3324; x_wconf 85' lang='lat' dir='ltr'><strong>et</strong></span> <span class='ocrx_word' id='word_1_248' title='bbox 826 3264 882 3324; x_wconf 89' lang='lat' dir='ltr'><strong>tuis</strong></span> <span class='ocrx_word' id='word_1_249' title='bbox 902 3283 1019 3344; x_wconf 90' lang='lat' dir='ltr'><strong>quoque</strong></span> <span class='ocrx_word' id='word_1_250' title='bbox 1039 3267 1174 3345; x_wconf 82' lang='lat' dir='ltr'><strong>posteriis</strong></span> <span class='ocrx_word' id='word_1_251' title='bbox 1194 3267 1231 3329; x_wconf 84' lang='lat' dir='ltr'><strong>acl</strong></span> <span class='ocrx_word' id='word_1_252' title='bbox 1251 3289 1347 3348; x_wconf 85' lang='lat' dir='ltr'><strong>posse·</strong></span> 
     </span>
    </p>
   </div>
   <div class='ocr_carea' id='block_1_12' title="bbox 223 3355 1425 4463">
    <p class='ocr_par' dir='ltr' id='par_1_12' title="bbox 223 3355 1425 4463">
     <span class='ocr_line' id='line_1_30' title="bbox 258 3355 1347 3438; baseline 0.002 -18"><span class='ocrx_word' id='word_1_253' title='bbox 258 3360 385 3420; x_wconf 87' lang='lat' dir='ltr'><strong>dendurn</strong></span> <span class='ocrx_word' id='word_1_254' title='bbox 405 3358 604 3436; x_wconf 85' lang='lat' dir='ltr'><strong>derelinques;</strong></span> <span class='ocrx_word' id='word_1_255' title='bbox 633 3355 894 3438; x_wconf 57' lang='lat' dir='ltr'><strong>quicquid‘erinde</strong></span> <span class='ocrx_word' id='word_1_256' title='bbox 914 3355 1012 3418; x_wconf 82' lang='lat' dir='ltr'><strong>lacere</strong></span> <span class='ocrx_word' id='word_1_257' title='bbox 1030 3358 1158 3422; x_wconf 85' lang='lat' dir='ltr'><strong>volueris</strong></span> <span class='ocrx_word' id='word_1_258' title='bbox 1177 3361 1297 3422; x_wconf 87' lang='lat' dir='ltr'><strong>liberam</strong></span> <span class='ocrx_word' id='word_1_259' title='bbox 1314 3382 1347 3422; x_wconf 85' lang='lat' dir='ltr'><strong>ac</strong></span> 
     </span>
     <span class='ocr_line' id='line_1_31' title="bbox 237 3443 1347 3540; baseline 0.004 -30"><span class='ocrx_word' id='word_1_260' title='bbox 237 3449 448 3510; x_wconf 78' lang='lat' dir='ltr'><strong>&#39;firmissimum</strong></span> <span class='ocrx_word' id='word_1_261' title='bbox 472 3449 503 3508; x_wconf 92' lang='lat' dir='ltr'><strong>in</strong></span> <span class='ocrx_word' id='word_1_262' title='bbox 522 3449 581 3510; x_wconf 87' lang='lat' dir='ltr'><strong>Dei</strong></span> <span class='ocrx_word' id='word_1_263' title='bbox 600 3449 720 3510; x_wconf 87' lang='lat' dir='ltr'><strong>nomine</strong></span> <span class='ocrx_word' id='word_1_264' title='bbox 739 3450 770 3509; x_wconf 92' lang='lat' dir='ltr'><strong>in</strong></span> <span class='ocrx_word' id='word_1_265' title='bbox 791 3449 925 3540; x_wconf 74' lang='lat' dir='ltr'><strong>omnibus</strong></span> <span class='ocrx_word' id='word_1_266' title='bbox 945 3443 1074 3513; x_wconf 76' lang='lat' dir='ltr'><strong>bbbeatis</strong></span> <span class='ocrx_word' id='word_1_267' title='bbox 1094 3463 1279 3534; x_wconf 83' lang='lat' dir='ltr'><strong>potestatem.</strong></span> <span class='ocrx_word' id='word_1_268' title='bbox 1316 3454 1347 3514; x_wconf 89' lang='lat' dir='ltr'><strong>Si</strong></span> 
     </span>
     <span class='ocr_line' id='line_1_32' title="bbox 258 3541 1345 3626; baseline 0.007 -27"><span class='ocrx_word' id='word_1_269' title='bbox 258 3541 323 3622; x_wconf 89' lang='lat' dir='ltr'><strong>quis</strong></span> <span class='ocrx_word' id='word_1_270' title='bbox 341 3561 424 3617; x_wconf 90' lang='lat' dir='ltr'><strong>vcro,</strong></span> <span class='ocrx_word' id='word_1_271' title='bbox 444 3541 524 3622; x_wconf 90' lang='lat' dir='ltr'><strong>quod</strong></span> <span class='ocrx_word' id='word_1_272' title='bbox 543 3541 607 3601; x_wconf 87' lang='lat' dir='ltr'><strong>fieri</strong></span> <span class='ocrx_word' id='word_1_273' title='bbox 626 3561 687 3601; x_wconf 92' lang='lat' dir='ltr'><strong>non</strong></span> <span class='ocrx_word' id='word_1_274' title='bbox 707 3543 866 3620; x_wconf 87' lang='lat' dir='ltr'><strong>credimus,</strong></span> <span class='ocrx_word' id='word_1_275' title='bbox 886 3543 910 3605; x_wconf 88' lang='lat' dir='ltr'><strong>si</strong></span> <span class='ocrx_word' id='word_1_276' title='bbox 930 3544 1011 3624; x_wconf 91' lang='lat' dir='ltr'><strong>quis,</strong></span> <span class='ocrx_word' id='word_1_277' title='bbox 1030 3565 1084 3607; x_wconf 90' lang='lat' dir='ltr'><strong>uos</strong></span> <span class='ocrx_word' id='word_1_278' title='bbox 1105 3546 1177 3626; x_wconf 89' lang='lat' dir='ltr'><strong>ipsi,</strong></span> <span class='ocrx_word' id='word_1_279' title='bbox 1196 3557 1247 3606; x_wconf 91' lang='lat' dir='ltr'><strong>ant</strong></span> <span class='ocrx_word' id='word_1_280' title='bbox 1266 3546 1345 3607; x_wconf 90' lang='lat' dir='ltr'><strong>bere-</strong></span> 
     </span>
     <span class='ocr_line' id='line_1_33' title="bbox 258 3633 1344 3718; baseline 0.003 -23"><span class='ocrx_word' id='word_1_281' title='bbox 258 3634 310 3695; x_wconf 87' lang='lat' dir='ltr'><strong>des</strong></span> <span class='ocrx_word' id='word_1_282' title='bbox 328 3633 437 3710; x_wconf 80' lang='lat' dir='ltr'><strong>bostri,</strong></span> <span class='ocrx_word' id='word_1_283' title='bbox 467 3643 517 3694; x_wconf 89' lang='lat' dir='ltr'><strong>aut</strong></span> <span class='ocrx_word' id='word_1_284' title='bbox 540 3633 601 3694; x_wconf 88' lang='lat' dir='ltr'><strong>ulla</strong></span> <span class='ocrx_word' id='word_1_285' title='bbox 620 3633 756 3714; x_wconf 87' lang='lat' dir='ltr'><strong>opposita</strong></span> <span class='ocrx_word' id='word_1_286' title='bbox 775 3647 910 3698; x_wconf 81' lang='lat' dir='ltr'><strong>extranea</strong></span> <span class='ocrx_word' id='word_1_287' title='bbox 934 3657 1076 3717; x_wconf 84' lang='lat' dir='ltr'><strong>persona,</strong></span> <span class='ocrx_word' id='word_1_288' title='bbox 1106 3639 1154 3699; x_wconf 87' lang='lat' dir='ltr'><strong>vel</strong></span> <span class='ocrx_word' id='word_1_289' title='bbox 1175 3639 1344 3718; x_wconf 87' lang='lat' dir='ltr'><strong>quicumque</strong></span> 
     </span>
     <span class='ocr_line' id='line_1_34' title="bbox 258 3718 1425 3806; baseline 0.003 -19"><span class='ocrx_word' id='word_1_290' title='bbox 258 3735 361 3787; x_wconf 88' lang='lat' dir='ltr'><strong>contra</strong></span> <span class='ocrx_word' id='word_1_291' title='bbox 383 3726 459 3786; x_wconf 88' lang='lat' dir='ltr'><strong>banc</strong></span> <span class='ocrx_word' id='word_1_292' title='bbox 483 3726 647 3788; x_wconf 79' lang='lat' dir='ltr'><strong>donatione</strong></span> <span class='ocrx_word' id='word_1_293' title='bbox 675 3737 706 3786; x_wconf 88' lang='lat' dir='ltr'><strong>et</strong></span> <span class='ocrx_word' id='word_1_294' title='bbox 727 3727 894 3790; x_wconf 84' lang='lat' dir='ltr'><strong>vindicione</strong></span> <span class='ocrx_word' id='word_1_295' title='bbox 914 3751 930 3790; x_wconf 89' lang='lat' dir='ltr'><strong>a</strong></span> <span class='ocrx_word' id='word_1_296' title='bbox 950 3731 1036 3791; x_wconf 89' lang='lat' dir='ltr'><strong>uobis</strong></span> <span class='ocrx_word' id='word_1_297' title='bbox 1056 3731 1182 3806; x_wconf 86' lang='lat' dir='ltr'><strong>factum,</strong></span> <span class='ocrx_word' id='word_1_298' title='bbox 1210 3733 1285 3791; x_wconf 88' lang='lat' dir='ltr'><strong>sicut</strong></span> <span class='ocrx_word' id='word_1_299' title='bbox 1301 3751 1346 3790; x_wconf 88' lang='lat' dir='ltr'><strong>su·</strong></span> <span class='ocrx_word' id='word_1_300' title='bbox 1421 3718 1425 3727; x_wconf 62' lang='grc'>’</span> 
     </span>
     <span class='ocr_line' id='line_1_35' title="bbox 258 3815 1346 3904; baseline 0.006 -26"><span class='ocrx_word' id='word_1_301' title='bbox 258 3818 356 3898; x_wconf 87' lang='lat' dir='ltr'><strong>perius</strong></span> <span class='ocrx_word' id='word_1_302' title='bbox 370 3815 480 3878; x_wconf 89' lang='lat' dir='ltr'><strong>dictum</strong></span> <span class='ocrx_word' id='word_1_303' title='bbox 495 3831 548 3895; x_wconf 79' lang='lat' dir='ltr'><strong>eat,</strong></span> <span class='ocrx_word' id='word_1_304' title='bbox 566 3822 668 3882; x_wconf 88' lang='lat' dir='ltr'><strong>venire</strong></span> <span class='ocrx_word' id='word_1_305' title='bbox 683 3817 878 3902; x_wconf 87' lang='lat' dir='ltr'><strong>temptaveril,</strong></span> <span class='ocrx_word' id='word_1_306' title='bbox 897 3834 947 3884; x_wconf 90' lang='lat' dir='ltr'><strong>aut</strong></span> <span class='ocrx_word' id='word_1_307' title='bbox 965 3822 1060 3904; x_wconf 91' lang='lat' dir='ltr'><strong>aliqua</strong></span> <span class='ocrx_word' id='word_1_308' title='bbox 1080 3824 1223 3886; x_wconf 84' lang='lat' dir='ltr'><strong>calumnia</strong></span> <span class='ocrx_word' id='word_1_309' title='bbox 1243 3826 1346 3900; x_wconf 86' lang='lat' dir='ltr'><strong>facere,</strong></span> 
     </span>
     <span class='ocr_line' id='line_1_36' title="bbox 258 3905 1346 4002; baseline 0.006 -31"><span class='ocrx_word' id='word_1_310' title='bbox 258 3922 309 3972; x_wconf 87' lang='lat' dir='ltr'><strong>aut</strong></span> <span class='ocrx_word' id='word_1_311' title='bbox 330 3905 392 3992; x_wconf 86' lang='lat' dir='ltr'><strong>ipsa</strong></span> <span class='ocrx_word' id='word_1_312' title='bbox 414 3909 580 3974; x_wconf 86' lang='lat' dir='ltr'><strong>vindicione</strong></span> <span class='ocrx_word' id='word_1_313' title='bbox 604 3915 772 3996; x_wconf 86' lang='lat' dir='ltr'><strong>inrumpere</strong></span> <span class='ocrx_word' id='word_1_314' title='bbox 794 3915 935 3992; x_wconf 84' lang='lat' dir='ltr'><strong>voluerit,</strong></span> <span class='ocrx_word' id='word_1_315' title='bbox 964 3927 1035 4002; x_wconf 82' lang='lat' dir='ltr'><strong>tunc</strong></span> <span class='ocrx_word' id='word_1_316' title='bbox 1064 3917 1171 3977; x_wconf 82' lang='lat' dir='ltr'><strong>inierat</strong></span> <span class='ocrx_word' id='word_1_317' title='bbox 1200 3917 1272 3994; x_wconf 91' lang='lat' dir='ltr'><strong>tibi,</strong></span> <span class='ocrx_word' id='word_1_318' title='bbox 1298 3927 1346 3978; x_wconf 92' lang='lat' dir='ltr'><strong>ant</strong></span> 
     </span>
     <span class='ocr_line' id='line_1_37' title="bbox 258 4001 1344 4088; baseline 0.007 -26"><span class='ocrx_word' id='word_1_319' title='bbox 258 4003 371 4083; x_wconf 88' lang='lat' dir='ltr'><strong>tuisque</strong></span> <span class='ocrx_word' id='word_1_320' title='bbox 391 4001 545 4065; x_wconf 85' lang='lat' dir='ltr'><strong>heredibus</strong></span> <span class='ocrx_word' id='word_1_321' title='bbox 563 4007 676 4086; x_wconf 88' lang='lat' dir='ltr'><strong>tnplum</strong></span> <span class='ocrx_word' id='word_1_322' title='bbox 693 4019 807 4070; x_wconf 85' lang='lat' dir='ltr'><strong>tantum</strong></span> <span class='ocrx_word' id='word_1_323' title='bbox 828 4018 966 4088; x_wconf 88' lang='lat' dir='ltr'><strong>quantum</strong></span> <span class='ocrx_word' id='word_1_324' title='bbox 986 4009 1017 4068; x_wconf 90' lang='lat' dir='ltr'><strong>in</strong></span> <span class='ocrx_word' id='word_1_325' title='bbox 1037 4007 1110 4072; x_wconf 90' lang='lat' dir='ltr'><strong>baec</strong></span> <span class='ocrx_word' id='word_1_326' title='bbox 1127 4011 1296 4072; x_wconf 83' lang='lat' dir='ltr'><strong>venditione</strong></span> <span class='ocrx_word' id='word_1_327' title='bbox 1314 4011 1344 4070; x_wconf 92' lang='lat' dir='ltr'><strong>ln</strong></span> 
     </span>
     <span class='ocr_line' id='line_1_38' title="bbox 259 4098 1344 4183; baseline 0.009 -29"><span class='ocrx_word' id='word_1_328' title='bbox 259 4113 290 4154; x_wconf 87' lang='lat' dir='ltr'><strong>se</strong></span> <span class='ocrx_word' id='word_1_329' title='bbox 305 4098 440 4157; x_wconf 85' lang='lat' dir='ltr'><strong>contenit</strong></span> <span class='ocrx_word' id='word_1_330' title='bbox 461 4101 702 4178; x_wconf 83' lang='lat' dir='ltr'><strong>superscriptum,</strong></span> <span class='ocrx_word' id='word_1_331' title='bbox 728 4111 765 4161; x_wconf 84' lang='lat' dir='ltr'><strong>et</strong></span> <span class='ocrx_word' id='word_1_332' title='bbox 782 4102 902 4182; x_wconf 87' lang='lat' dir='ltr'><strong>insuper</strong></span> <span class='ocrx_word' id='word_1_333' title='bbox 920 4101 1027 4162; x_wconf 86' lang='lat' dir='ltr'><strong>inierat</strong></span> <span class='ocrx_word' id='word_1_334' title='bbox 1045 4101 1177 4183; x_wconf 89' lang='lat' dir='ltr'><strong>partibus</strong></span> <span class='ocrx_word' id='word_1_335' title='bbox 1198 4103 1267 4164; x_wconf 87' lang='lat' dir='ltr'><strong>fisco</strong></span> <span class='ocrx_word' id='word_1_336' title='bbox 1287 4103 1344 4164; x_wconf 85' lang='lat' dir='ltr'><strong>auri</strong></span> 
     </span>
     <span class='ocr_line' id='line_1_39' title="bbox 223 4183 1343 4276; baseline 0.01 -33"><span class='ocrx_word' id='word_1_337' title='bbox 223 4213 232 4226; x_wconf 80' lang='lat'>·</span> <span class='ocrx_word' id='word_1_338' title='bbox 260 4183 347 4249; x_wconf 88' lang='lat' dir='ltr'><strong>libras</strong></span> <span class='ocrx_word' id='word_1_339' title='bbox 367 4192 477 4266; x_wconf 87' lang='lat' dir='ltr'><strong>decem,</strong></span> <span class='ocrx_word' id='word_1_340' title='bbox 496 4201 649 4273; x_wconf 78' lang='lat' dir='ltr'><strong>argentum</strong></span> <span class='ocrx_word' id='word_1_341' title='bbox 668 4195 783 4272; x_wconf 91' lang='lat' dir='ltr'><strong>pondus</strong></span> <span class='ocrx_word' id='word_1_342' title='bbox 803 4193 967 4271; x_wconf 84' lang='lat' dir='ltr'><strong>duqdecim,</strong></span> <span class='ocrx_word' id='word_1_343' title='bbox 987 4207 1017 4255; x_wconf 87' lang='lat' dir='ltr'><strong>et</strong></span> <span class='ocrx_word' id='word_1_344' title='bbox 1036 4196 1114 4275; x_wconf 91' lang='lat' dir='ltr'><strong>quod</strong></span> <span class='ocrx_word' id='word_1_345' title='bbox 1132 4195 1243 4276; x_wconf 86' lang='lat' dir='ltr'><strong>repetit</strong></span> <span class='ocrx_word' id='word_1_346' title='bbox 1261 4217 1343 4258; x_wconf 89' lang='lat' dir='ltr'><strong>even·</strong></span> 
     </span>
     <span class='ocr_line' id='line_1_40' title="bbox 260 4275 1342 4366; baseline 0.013 -32"><span class='ocrx_word' id='word_1_347' title='bbox 260 4275 357 4338; x_wconf 86' lang='lat' dir='ltr'><strong>dicare</strong></span> <span class='ocrx_word' id='word_1_348' title='bbox 377 4301 439 4342; x_wconf 92' lang='lat' dir='ltr'><strong>uon</strong></span> <span class='ocrx_word' id='word_1_349' title='bbox 458 4283 561 4362; x_wconf 86' lang='lat' dir='ltr'><strong>valeat,</strong></span> <span class='ocrx_word' id='word_1_350' title='bbox 579 4295 624 4346; x_wconf 84' lang='lat' dir='ltr'><strong>set</strong></span> <span class='ocrx_word' id='word_1_351' title='bbox 642 4305 762 4366; x_wconf 88' lang='lat' dir='ltr'><strong>presens</strong></span> <span class='ocrx_word' id='word_1_352' title='bbox 781 4284 836 4348; x_wconf 92' lang='lat' dir='ltr'><strong>hec</strong></span> <span class='ocrx_word' id='word_1_353' title='bbox 854 4287 986 4351; x_wconf 87' lang='lat' dir='ltr'><strong>venditio</strong></span> <span class='ocrx_word' id='word_1_354' title='bbox 1006 4288 1082 4350; x_wconf 89' lang='lat' dir='ltr'><strong>circa</strong></span> <span class='ocrx_word' id='word_1_355' title='bbox 1101 4299 1142 4366; x_wconf 86' lang='lat' dir='ltr'><strong>te,</strong></span> <span class='ocrx_word' id='word_1_356' title='bbox 1161 4289 1209 4354; x_wconf 91' lang='lat' dir='ltr'><strong>vel</strong></span> <span class='ocrx_word' id='word_1_357' title='bbox 1228 4289 1342 4350; x_wconf 89' lang='lat' dir='ltr'><strong>heredes</strong></span> 
     </span>
     <span class='ocr_line' id='line_1_41' title="bbox 259 4374 1342 4463; baseline 0.012 -36"><span class='ocrx_word' id='word_1_358' title='bbox 259 4378 326 4436; x_wconf 82' lang='lat' dir='ltr'><strong>tuos</strong></span> <span class='ocrx_word' id='word_1_359' title='bbox 345 4374 578 4458; x_wconf 86' lang='lat' dir='ltr'><strong>omnitempore</strong></span> <span class='ocrx_word' id='word_1_360' title='bbox 597 4379 679 4441; x_wconf 88' lang='lat' dir='ltr'><strong>lirma</strong></span> <span class='ocrx_word' id='word_1_361' title='bbox 698 4389 728 4438; x_wconf 90' lang='lat' dir='ltr'><strong>et</strong></span> <span class='ocrx_word' id='word_1_362' title='bbox 745 4379 855 4442; x_wconf 88' lang='lat' dir='ltr'><strong>stabilis</strong></span> <span class='ocrx_word' id='word_1_363' title='bbox 879 4392 1050 4459; x_wconf 86' lang='lat' dir='ltr'><strong>permaneat</strong></span> <span class='ocrx_word' id='word_1_364' title='bbox 1067 4381 1256 4463; x_wconf 89' lang='lat' dir='ltr'><strong>stipulatione</strong></span> <span class='ocrx_word' id='word_1_365' title='bbox 1279 4379 1342 4442; x_wconf 88' lang='lat' dir='ltr'><strong>sub-</strong></span> 
     </span>
    </p>
   </div>
   <div class='ocr_carea' id='block_1_13' title="bbox 0 0 1456 5086">
    <p class='ocr_par' dir='ltr' id='par_1_13' title="bbox 0 0 1456 5086">
     <span class='ocr_line' id='line_1_42' title="bbox 0 0 1456 5086; baseline 0 0"><span class='ocrx_word' id='word_1_366' title='bbox 0 0 1456 5086; x_wconf 95' lang='lat' dir='ltr'><strong> </strong></span> 
     </span>
    </p>
   </div>
  </div>
 </body>
</html>
