2960 5094
688 439 705 464 a
795 382 853 456 80

299 545 411 609 XXIII.
448 545 501 607 De
528 543 641 607 auleis
666 543 765 604 circa
790 541 907 606 villas.

195 675 198 700 t
299 641 407 704 XXIV.
445 639 498 702 De
517 659 659 722 pagano
680 659 801 710 cursu,
822 655 922 716 quern
937 632 1271 708 YrIusnominant‚
1290 633 1393 738 seis-¹

157 4509 161 4518 ,
184 4469 200 4500 Ι

450 733 498 794 sis
522 731 734 813 pannisxvel
755 729 901 794 calceis
999 807 1004 814 .

319 848 431 935 uinum,
450 859 530 938 quod
550 877 659 918 cornua
679 867 881 936 nuncupatur,
906 853 1084 936 propinetur
1102 851 1162 913 sive
1184 849 1387 912 distribuatur.

311 953 398 1023 ‚vide
417 955 544 1012 Ioannis
561 951 668 1031 Script.
687 951 757 1010 Rer.
776 949 912 1032 Mognnt
950 945 1038 1006 Tom.
1057 947 1099 1022 ΙΙ,
1119 941 1149 1028 p.¹
1167 949 1233 1012 668.

341 1045 378 1105 In
405 1044 486 1105 festis
507 1045 639 1104 Deorum
664 1042 816 1127 gentilium
838 1039 908 1100 olim
924 1059 945 1120 e
966 1039 1103 1100 cornibus
1123 1038 1241 1101 sacratis
1260 1035 1390 1118 potaba-

283 1149 349 1212 tur,
377 1137 502 1219 Diisque
526 1135 681 1196 libabatur.
730 1133 858 1193 Maiores
887 1131 981 1192 nostri
1012 1133 1048 1192 ad
1075 1133 1162 1217 iidem
1188 1129 1389 1194 Christianam

285 1230 423 1292 conversi
443 1251 504 1290 non
524 1229 619 1290 statim
639 1238 778 1308 poterant
802 1247 818 1287 a
838 1225 985 1286 consuetis
1006 1225 1275 1308 compotationibus
1296 1221 1390 1285 absti-

283 1343 368 1400 nere,
387 1323 465 1384 unde
481 1323 511 1382 in
524 1322 593 1394 Dei,
612 1329 781 1380 sanctorum
802 1318 873 1394 eius,
892 1339 994 1400 regum
1016 1331 1045 1378 et
1063 1341 1237 1400 magnorum
1256 1318 1390 1378 virorum

282 1413 428 1476 honorem
441 1435 550 1476 cornua
562 1426 593 1476 et
603 1412 729 1494 scyphos
741 1411 929 1475 evacuabant
960 1409 1036 1471 Cum
1053 1411 1143 1496 igitur
1155 1411 1202 1473 hic
1212 1411 1386 1492 superstitio

284 1508 322 1568 de
343 1507 481 1569 cornibus
500 1517 629 1580 notatur,
652 1505 857 1588 intelliguntur
876 1525 987 1564 cornua
1007 1505 1094 1566 idolis
1115 1517 1284 1568 consecrata
1304 1504 1387 1564 etin

284 1618 387 1660 eorum
413 1601 559 1660 honorem
585 1600 729 1660 exhausta.
770 1599 820 1680 [S.
840 1594 993 1660 latrant
1017 1597 1069 1659 der
1086 1597 1171 1663 nord.
1190 1593 1388 1659 Atmtm-

282 1690 384 1754 tuma
403 1688 678 1770 Kopsnbag.1837‚
698 1695 726 1756 8.
746 1711 777 1771 p·
792 1697 830 1757 54
845 1689 881 1771 l]
914 1688 1062 1752 Cochleae
1083 1691 1252 1756 referuntur
1267 1693 1304 1751 ad
1320 1712 1389 1752 usus

284 1783 704 1866 superstitiosos‚vasascilicet
714 1783 761 1844 vel
772 1782 936 1843 cochlearia
949 1796 1103 1864 etpaterae
1115 1785 1306 1846 daemor‘tibus
1315 1803 1391 1846 con-

233 1897 237 1904 ·
285 1887 397 1938 sectata
416 1875 447 1936 in
463 1877 610 1938 sacrifieiis
622 1875 746 1937 ethnicis
766 1877 801 1937 ad
812 1875 921 1936 iuscula
941 1875 1122 1938 victilnarurn
1141 1877 1173 1938 in
1194 1878 1292 1938 aheno
1304 1898 1388 1938 sacro

285 1980 434 2031 coctarum
445 1969 513 2030 inde
526 1969 715 2054 degustanda.
734 1967 862 2030 Malefici
874 1969 960 2030 etiam
973 1955 1107 2030 cochleas
1121 1969 1168 2030 vel
1181 1981 1308 2031 crateres
1319 1967 1391 2030 dae-

210 2115 214 2123 ,
283 2063 367 2122 moni
379 2075 565 2124 consecratos
577 2061 773 2137 habebantin
786 2062 1017 2151 quibusmagicis
1030 2061 1140 2123 artibus
1152 2063 1318 2124 confectum
1332 2084 1391 2144 po·

284 2165 346 2218 tum
358 2154 420 2216 aliis
431 2153 625 2236 praebebant,
638 2156 688 2236 qui
701 2177 751 2217 eos
760 2167 810 2216 aut
821 2157 921 2217 amore
932 2157 979 2216 vel
992 2155 1061 2215 odio
1074 2155 1209 2217 incensos
1220 2153 1392 2215 redderent

248 2261 252 2269 “
341 2247 454 2310 XXIII.
484 2248 535 2310 De
552 2249 640 2311 solcis
658 2253 738 2310 eirca
755 2249 848 2310 utilas.
889 2247 981 2321 Quod
996 2241 1139 2308 Germani
1158 2269 1219 2308 non
1229 2245 1392 2308 habuerint

286 2341 427 2424 contigua
448 2353 479 2402 et
499 2343 687 2404 cohaerentia
707 2337 849 2414 aedificia,
871 2339 922 2398 sed
943 2339 1046 2399 domos
1067 2339 1225 2402 hincinde
1245 2337 1391 2420 dispersas

286 2429 353 2495 cum
379 2435 579 2498 adiacentibus
604 2435 697 2518 agris,
722 2433 812 2512 pratis
838 2441 868 2490 et
893 2431 1016 2492 dumetis
1043 2443 1098 2493 etc.
1125 2433 1202 2493 circa
1225 2431 1278 2494 has
1303 2433 1389 2495 villas

285 2525 382 2586 sulcos
403 2526 567 2599 ducebant,
592 2547 626 2585 ex
646 2524 855 2606 superstitiosis
877 2525 1048 2606 quibusdam
1068 2525 1173 2587 ritibus
1194 2537 1224 2586 et
1244 2526 1390 2588 caerimo-

257 2645 259 2651 ¹
284 2617 342 2679 niis
369 2619 405 2679 ad
430 2619 588 2678 arcendum
614 2618 729 2702 ignem,
753 2619 881 2692 hostem,
910 2639 1070 2698 omnesque
1096 2619 1165 2678 alias
1192 2617 1390 2680 adversitates.

285 2707 440 2770 Lucretius
460 2709 526 2770 libr.
547 2711 571 2768 Ι.
592 2710 628 2771 de
647 2732 745 2772 rerum
768 2723 871 2778 natura
889 2721 1034 2771 memorat
1058 2711 1136 2772 hunc
1155 2713 1389 2794 superstitiosum

286 2801 364 2862 circa
381 2802 486 2863 urbem
505 2803 601 2862 sulcos
622 2803 748 2863 ducendi
767 2824 898 2864 morem:

484 2897 550 2949 Mox
566 2897 638 2950 iubet
655 2911 680 2950 et
696 2910 776 2950 totam
794 2898 903 2969 placidia
923 2919 937 2952 a
955 2899 1053 2953 civibus
1071 2903 1163 2956 urbem

483 2981 593 3045 Ambiri,
610 2994 636 3033 et
652 2985 716 3035 festo
734 2997 869 3053 porgentes
886 2983 990 3038 moenia
1008 2987 1089 3038 lustro
1132 2984 1133 2988 ¹

484 3069 576 3134 Longa
596 3086 643 3136 per
660 3082 785 3120 extremos
802 3069 938 3138 pomoeria
959 3069 1060 3134 cingere
1076 3069 1148 3120 fines.

341 3148 450 3210 xxlt'.
480 3149 530 3210 De
543 3171 665 3226 pagano
684 3171 781 3227 curus,
800 3171 883 3229 quem
897 3151 1156 3224 ramosarum,
1176 3155 1390 3232 sdmispasmh

285 3240 331 3302 ml
347 3244 459 3306 calm.
497 3243 645 3305 Eccardus
665 3263 751 3324 supra
770 3233 901 3303 laudatus
919 3243 1049 3303 restituit
1066 3262 1170 3304 vocem
1189 3244 1279 3306 Ysias
1290 3246 1389 3328 inSy-

284 3335 359 3410 adas,
380 3339 461 3413 quod
480 3337 743 3416 idemsit⁶acSoy,·
755 3336 826 3413 Soet,
844 3339 916 3414 aius,
932 3339 992 3396 ries
1012 3336 1114 3398 calceis
1135 3337 1238 3399 scissis.
1278 3339 1389 3401 Cursus

285 3425 341 3486 iste
368 3447 498 3508 paganus
522 3430 616 3488 scissis
642 3431 746 3492 calceis
775 3443 838 3492 erat
861 3431 998 3492 solemnis
1018 3431 1050 3490 in
1071 3429 1208 3490 Calendis
1227 3429 1387 3505 Ianuariis;

285 3537 354 3578 nam
373 3530 488 3578 sanctus
500 3517 670 3581 Bonilacius
691 3543 756 3581 cum
776 3523 858 3580 illum
878 3523 909 3581 in
921 3525 1005 3582 Nova
1017 3521 1140 3580 Francia
1161 3519 1305 3601 abrogare
1325 3525 1389 3586 vel-
1458 3573 1459 3598 p

285 3611 339 3687 let,
358 3611 538 3671 affirmarent
553 3611 723 3674 Francones
743 3635 845 3675 recens
866 3615 902 3675 ad
922 3615 1007 3675 fidem
1021 3612 1217 3674 Christianam
1237 3617 1387 3678 conversit
1458 3645 1459 3680 t

324 3704 365 3766 Se
390 3706 496 3767 vidisse
523 3703 606 3765 annis
631 3704 752 3786 singulis
778 3706 809 3765 in
826 3708 961 3768 Romana
987 3707 1060 3766 urbe
1088 3716 1118 3766 et
1135 3707 1213 3766 iuxta
1234 3708 1386 3784 ecclesiam

292 3822 295 3834 ·
325 3797 458 3858 stetui
477 3798 509 3858 iu
529 3798 577 3858 die
596 3797 643 3858 vel
662 3809 761 3874 nocte,
782 3799 899 3886 quando
917 3794 1065 3860 Calendae
1086 3800 1232 3877 Ianuarii,
1252 3813 1385 3883 pagano·

222 3923 226 3930 ·
286 3883 289 3894 ’
322 3913 389 3954 rum
409 3892 621 3952 cousuetudine
641 3890 748 3952 choros
769 3893 877 3952 ducere
897 3911 952 3972 per
974 3893 1086 3974 plateas
1111 3904 1144 3952 et
1164 3891 1384 3954 acclamationes

323 3987 384 4048 ritu
409 3982 564 4066 gentilium
588 3993 619 4044 et
645 3985 827 4062 cantationes
851 3986 1005 4068 sacrilegas
1031 3982 1181 4044 celebrare
1214 3999 1244 4050 et
1271 3999 1384 4047 mensas

266 4147 269 4159 .
323 4079 374 4140 illa
394 4077 442 4138 die
461 4075 508 4138 vel
527 4087 616 4137 noete
637 4077 759 4157 dapibus
780 4099 905 4139 onerare
927 4091 958 4139 et
971 4077 1084 4138 nullum
1104 4078 1140 4138 de
1161 4080 1250 4140 domo
1268 4099 1319 4141 sua
1337 4077 1385 4140 vel
1458 4099 1459 4108 ¹

325 4172 424 4251 ignem
443 4171 491 4232 vel
510 4171 719 4234 ferramentum
743 4171 791 4231 vel
811 4169 920 4251 aliquid
940 4171 1091 4232 commodi
1108 4171 1206 4234 vicino
1226 4187 1278 4235 tuo
1298 4189 1383 4254 prae-

326 4273 402 4324 stare
421 4263 507 4326 velle'

288 4356 334 4418 Ita
363 4355 395 4417 in
425 4359 510 4440 epist.
525 4356 687 4451 =Bonil'acii
723 4356 759 4418 ad
789 4357 958 4420 Zachariam
989 4355 1173 4422 Pontificem.
1231 4351 1384 4422 Faustinus
1458 4403 1459 4426 ,
