2900 5086
108 607 284 669 sanctissimi
303 606 423 684 frames,
450 616 497 665 tot
514 603 567 664 lilii
585 606 686 666 matris
704 604 853 664 Ecclesiae
871 603 902 662 in
921 605 1042 664 nomine
1060 605 1136 667 illios
1154 625 1208 688 pa-

83 733 85 739 ·
109 701 195 760 cifica
216 702 396 780 conveniunt
413 699 619 774 unanimitate,
639 719 704 759 eum
725 699 826 760 adesse
843 697 970 758 medium
989 717 1051 756 non
1072 719 1134 758 esse
1154 699 1208 758 du·

108 793 280 870 bitandum,
303 801 342 852 'et
364 791 481 850 illorum
506 811 611 873 regere
636 791 774 866 consilia,
804 791 855 870 qui
869 791 923 852 'sui
947 790 1074 851 nominis
1093 791 1209 854 laudem

109 907 254 964 quaerere
279 885 507 966 dignoscuntur?
554 883 601 945 Ad
632 883 863 944 confirmandum
887 884 977 966 igitur
1001 883 1091 942 corda
1114 895 1210 944 vestra

108 979 142 1036 in
163 979 219 1039 fide
242 989 271 1038 et
289 978 427 1052 veritate,
442 976 521 1037 ¹hanc
546 977 639 1037 nostri
664 977 808 1051 nominis,
834 977 963 1038 fraterna
981 976 1139 1057 instigante
1159 996 1209 1034 ca-

108 1072 215 1146 ritate,
242 1069 394 1150 epistolam
414 1070 542 1132 scrihere
563 1070 739 1144 curavimus,
766 1081 901 1150 optantes
926 1082 960 1128 ut
983 1080 1097 1144 nostra,
1124 1089 1209 1147 quam

108 1159 260 1224 habemns*
281 1185 336 1244 pro
362 1164 419 1223 fide
447 1161 617 1238 Catholica,
646 1163 782 1243 proficiat
813 1163 952 1238 devotio,
983 1174 1014 1221 et
1037 1181 1088 1225 ros
1113 1159 1210 1224 divina

109 1257 267 1316 clementia
287 1258 323 1316 ad
343 1257 429 1316 fidem
448 1257 571 1318 reducat
591 1255 781 1316 Catholicam.

170 1357 217 1414 to.
255 1351 334 1410 Ante
360 1350 464 1430 igitur,
494 1371 579 1429 quam
611 1349 695 1410 huius
726 1343 908 1428 saepedicti
932 1347 1060 1408 scandali
1086 1345 1211 1408 anobis
1284 1379 1286 1388 ·
1359 1349 1363 1366 ’

111 1443 243 1502 oriretur
268 1441 411 1518 offensio,
442 1443 551 1522 duplici
576 1442 697 1504 caritate
722 1443 811 1520 (sicut
829 1440 1036 1520 praediximus)
1062 1439 1210 1500 dileximus
1272 1481 1279 1486 -
1347 1459 1352 1468 “

110 1557 177 1611 vos,
196 1536 227 1594 id
247 1547 299 1610 est,
318 1535 350 1594 in
371 1535 553 1596 orationihus
572 1534 679 1595 nostris
698 1555 752 1614 per
772 1554 873 1594 omnes
892 1531 979 1614 regni
998 1531 1091 1602 nostri
1105 1533 1211 1597 Eccle-

109 1629 168 1689 sias
188 1627 340 1688 habuimus
360 1630 466 1703 socios,
488 1640 518 1688 ct
536 1628 625 1688 vestri
642 1627 812 1687 memoriam
825 1627 965 1706 quotidie
985 1623 1139 1684 facientes:
1161 1613 1211 1684 itia
1263 1659 1266 1678 .

111 1721 179 1780 dem
199 1741 334 1799 quoque,
357 1733 388 1780 et
405 1721 473 1780 Deo
493 1720 664 1794 auxiliante,
692 1719 873 1780 voluntatem
892 1719 1045 1780 habuimus
1064 1737 1117 1777 vos
1136 1709 1212 1778 lihe-

110 1833 179 1874 rare
200 1834 217 1872 a
236 1813 355 1874 servitio
374 1813 528 1874 saecularis
547 1811 724 1872 necessitatis
748 1813 907 1872 secundum
930 1811 1072 1891 temporis
1098 1832 1211 1892 oppor-

110 1907 284 1981 tunitatem,
311 1917 341 1966 et
359 1905 448 1966 vestri
468 1904 583 1968 consilii
602 1902 854 1965 adhortationem:
885 1927 963 1966 nunc
982 1919 1053 1967 vero
1079 1904 1133 1964 hac
1157 1905 1212 1964 du-

112 1999 185 2079 plici
205 1999 326 2059 caritate
351 1998 447 2077 (quod
466 1998 529 2058 sine
549 1995 653 2056 dolore
673 2015 735 2054 non
756 1997 892 2078 dicimus)
923 1998 1074 2058 fraudastis
1100 2012 1213 2062 vosmet

113 2091 204 2171 ipsos,
224 2111 286 2151 non
305 2091 515 2174 intelligentes,
534 2089 636 2150 fraude
653 2089 809 2150 Diabolica
828 2111 891 2150 esse
911 2093 1060 2172 deceptos,
1078 2103 1112 2151 ut
1129 2103 1219 2175 utro-¹

116 2204 173 2264 que
198 2184 343 2252 iuvamine
368 2205 421 2245 vos
454 2185 629 2257 denudaret,
662 2181 693 2240 id
724 2193 782 2256 est,
813 2183 1041 2262 participatione
1070 2184 1154 2260 fidei,
1183 2197 1214 2244 et

114 2276 288 2336 orationum·
303 2289 483 2353 nostrarum,
507 2277 554 2338 vel
574 2275 680 2336 solatio
699 2273 797 2334 auxilii
817 2275 920 2334 nostri.
959 2276 1082 2351 Videte,
1106 2279 1214 2352 videte,

117 2390 202 2448 qoam
222 2371 334 2450 grande
354 2370 615 2430 malum-adversus
631 2379 745 2429 vosmet
763 2367 843 2446 ipsos
862 2365 976 2426 habetis
995 2364 1113 2442 iactum,
1133 2371 1214 2446 quod

115 2481 300 2540 nequaquam
319 2463 381 2524 ausi
398 2484 495 2524 sumus
515 2481 600 2522 orare
619 2481 675 2542 pro
695 2459 794 2535 vobis,
813 2458 888 2520 sicut
907 2477 962 2538 pro
984 2457 1117 2520 fidelihus
1137 2462 1214 2522 San·
1244 2477 1248 2486 ⁴
1354 2493 1359 2516 t

115 2567 181 2616 ctae
200 2554 427 2637 Dei'Ecclesiae
453 2555 534 2630 filiis,
564 2575 629 2614 nec·
643 2574 696 2614 vos
717 2533 863 2628 adiurare,
890 2553 1039 2632 quomodo
1060 2553 1214 2614 matrasta

115 2648 218 2710 'vestris
238 2649 366 2710 maximis
386 2647 613 2710 necessitatibus.
653 2646 847 2726 Quapropter
869 2645 1049 2706 revertimini
1076 2647 1114 2706 ad
1139 2647 1214 2708 hanc

117 2741 263 2820 duplicem
285 2741 535 2814 consolationem,
555 2751 585 2799 et
603 2739 720 2798 abiicite
740 2759 757 2798 a
776 2739 858 2801 vobis
879 2739 953 2798 hanc
972 2739 1128 2820 malignam
1140 2739 1215 2822 Ilia-
1320 2809 1323 2816 Ι

117 2835 233 2894 holicae
258 2833 366 2892 fraudis
390 2833 562 2904 versutiam,
586 2843 620 2890 ut
643 2831 761 2908 possitis
785 2832 939 2892 nobiscum
963 2833 1143 2892 consortium
1162 2833 1215 2894 ha-

116 2926 189 2984 bere
208 2923 240 2982 in
260 2924 340 2982 omni
360 2924 482 2982 caritate
502 2934 532 2982 et
550 2921 659 3002 gaudio
680 2933 862 2998 opportuno.

175 3023 224 3082 17.
263 3014 336 3104 ιΡοει
354 3014 429 3076 hanc
453 3035 525 3076 vero
555 3011 772 3082 correctionem
795 3013 856 3071 sive
882 3013 1112 3082 admonitionem
1130 3019 1215 3096 Apo-

119 3110 240 3178 stolicae
259 3106 440 3168 auctoritatis
460 3118 490 3166 et
509 3104 666 3186 Synodalis
684 3103 905 3178 unanimitatis„
921 3105 946 3163 si
965 3127 1027 3168 non
1047 3110 1215 3188 resipiscitis

118 3207 157 3266 ab
178 3221 279 3265 errore
298 3211 410 3262 vestro:
432 3200 546 3260 Scitote
566 3195 688 3260 omnino
707 3219 760 3257 vos
779 3217 835 3276 pro
846 3197 1009 3258 Haereticis
1028 3198 1139 3277 haberi,
1158 3223 1216 3264 nec

118 3298 210 3366 ullum
228 3296 387 3356 vobiscum
399 3290 635 3355 communionem
654 3309 709 3368 pro
729 3288 797 3350 Deo
817 3290 955 3350 audemus
979 3289 1098 3352 habere.
1137 3294 1216 3355 Cun-

119 3393 178 3456 rite
204 3392 271 3450 dum
296 3388 396 3448 lucem.
413 3385 540 3460 hahetis,
569 3381 773 3444 metenebrae
797 3401 849 3443 vos
869 3382 1059 3450 anathematis
1079 3406 1214 3474 comprp.

113 3484 266 3559 ¹bendant,
290 3483 368 3542 unde
388 3499 450 3549 non
470 3477 592 3558 potestis
611 3476 701 3556 pedes
720 3487 832 3540 vestros
853 3477 1011 3556 explicare,
1029 3479 1081 3538 sed
1099 3479 1215 3542 interna

122 3577 308 3638 damnatione
332 3573 461 3636 irretitos
488 3590 548 3632 esse
569 3569 715 3651 lugebitis.
753 3569 857 3631 Adhuc
884 3569 961 3629 enim
986 3571 1035 3650 pia
1053 3584 1147 3633 mater
1165 3595 1214 3634 re-

120 3680 207 3734 vocat
225 3688 277 3730 vos
296 3668 327 3726 in
346 3666 488 3748 gremium
507 3683 575 3724 suae
592 3663 821 3739 misericordiae,
840 3662 942 3724 volens
959 3663 1088 3726 vosDeo
1104 3656 1215 3727 nutrire
1263 3713 1265 3722 ,

121 3763 154 3821 in
172 3761 257 3822 lilios.
295 3761 423 3821 Tantum
444 3756 536 3818 nolite
555 3777 607 3818 ros
627 3755 793 3824 abstrahere
813 3754 850 3816 ab
870 3753 932 3815 eius
952 3753 1075 3836 pietate,
1094 3760 1214 3839 quivos

122 3853 236 3918 vocavit
254 3853 285 3912 in
303 3874 427 3936 regnum
446 3850 500 3910 lilii
518 3849 684 3927 dilectionis
703 3850 844 3928 suae²⁴).

173 3979 222 4048 (In
247 3979 338 4035 Actia
363 3977 514 4031 Consilii
536 3976 829 4030 Franoolurtensis
852 3965 1072 4029 interiicitur
1091 3973 1147 4026 hio

125 4063 273 4116 Catholicae
288 4063 363 4118 Fidei
380 4061 551 4132 Symbolum,
569 4082 621 4132 quo
640 4077 665 4114 et
682 4061 799 4114 asseritur
815 4061 866 4114 Dei
882 4062 949 4114 filius
965 4079 1020 4112 non
1037 4079 1089 4114 case
1113 4057 1215 4128 adopti-
1278 4105 1285 4116 ,

537 4168 596 4209 vus,
614 4148 658 4198 sed
675 4146 804 4214 proprius.

179 4233 264 4291 Hanc
284 4231 370 4293 fidem
395 4249 462 4304 vos,
487 4230 512 4288 F
513 4240 590 4289 rates
610 4229 764 4304 carissimi,
792 4227 914 4288 firmiter
933 4237 1051 4300 tencre,
1080 4226 1111 4284 in
1132 4247 1214 4286 com-

124 4345 211 4386 muue
230 4322 443 4404 praedicamus:
474 4333 504 4382 et
527 4322 551 4382 si
571 4321 656 4382 aliter
675 4334 742 4387 ante
761 4321 793 4381 in
813 4320 947 4400 quolibet
965 4319 1058 4379 verbo
1077 4320 1216 4396 sensistis,

127 4417 263 4498 corrigite
287 4416 518 4497 vosmetipsos,
551 4427 580 4478 et
609 4416 646 4479 ad
676 4416 816 4476 unitatem
840 4424 957 4475 sanctae
981 4412 1040 4474 nei
1064 4411 1215 4476 Ecclesiae
