2890 5092
755 401 845 502 auo
1213 373 1228 524 ‚⁵

400 591 481 668 Quid
501 591 590 654 liceat
608 601 753 672 spectare,
772 609 874 654 senum
895 601 952 663 est;
970 590 1015 652 las
1036 560 1126 651 omne
1145 589 1292 672 nefasque

397 686 583 765 Expendan't,
603 684 654 766 qui
673 696 787 765 sceptra
808 695 927 768 gerunt,
945 684 1100 745 temeraria
1122 683 1180 744 dici

401 777 508 860 Cypris
529 789 621 854 amat,
640 797 790 857 nunquam
811 777 907 837 timidi
927 789 1054 838 statuere
1072 778 1260 858 trophaeum,

274 895 277 902 ·
399 872 440 930 Et
459 872 516 932 toti
536 872 666 952 trepidus
685 870 799 952 populo
819 870 932 956 ridetur
955 881 1076 932 amator.

323 965 381 1030 245
400 963 496 1024 Diuit:¹
518 975 547 1025 et
567 965 635 1026 binc
655 965 755 1026 dextra
775 963 916 1024 calamum
936 965 1124 1046 chartamque
1143 964 1259 1027 sinistra
1434 977 1435 984 ’

398 1057 525 1138 Arripit,
545 1069 575 1120 et
594 1058 709 1120 iamiam
730 1057 850 1138 cupiens
868 1059 1008 1150 meditata
1028 1070 1143 1135 notare,

399 1149 538 1212 Scribere
557 1150 708 1228 formidat,
726 1150 836 1226 tremit,
855 1150 969 1232 incipit,
987 1149 1091 1214 abiicit
1109 1172 1210 1214 excors

400 1244 441 1303 Et
459 1265 572 1306 rursum
590 1245 701 1326 repetit
718 1243 863 1320 tabulam,
883 1244 1049 1326 gaudetque
1070 1243 1220 1326 doletque,

397 1335 536 1400 Et.delet
554 1337 709 1400 scribenda
727 1338 844 1412 iterum,
864 1336 1024 1417 scribitque
1043 1338 1179 1416 vicissim,
1435 1329 1436 1336 ἵ

324 1433 382 1494 uto
403 1428 489 1508 Quae
509 1430 605 1492 deleta
624 1430 715 1494 volet
761 1429 811 1490 Sic
830 1430 962 1506 fluctuat,
981 1431 1105 1513 ambigit
1122 1453 1242 1514 anceps,

402 1522 453 1584 Sic
473 1524 562 1584 animi
582 1525 703 1605 pendet,
723 1524 819 1585 donec
839 1543 940 1585 secura
959 1525 1081 1604 pudoris
1434 1573 1435 1620 p

400 1615 501 1678 Audet
518 1617 609 1680 recha
629 1618 713 1679 novis
732 1615 894 1678 inscribere
912 1617 983 1678 talia
1003 1617 1090 1678 ceris:

452 1710 550 1786 Quam
569 1711 625 1774 tihi
643 1710 823 1788 transmitto,
841 1710 964 1792 reseras,
983 1711 1145 1793 Eginarde,
1163 1711 1301 1793 salutem,
1436 1713 1437 1738 ¹

399 1803 440 1864 Et
458 1802 540 1867 iussis
560 1806 680 1868 attende
698 1804 781 1880 meis,
799 1803 843 1866 nil
862 1805 1009 1886 poscimus
1028 1803 1116 1881 ultra,

327 1897 386 1963 255
405 1895 482 1974 Huc,
501 1899 629 1980 scriptor
649 1897 808 1973 celebrate,
827 1898 906 1974 veui,
925 1909 957 1958 te
977 1917 1101 1960 cernere
1121 1917 1232 1978 coram,

403 1988 449 2050 Te
470 1992 558 2072 cupio
579 1991 724 2072 scriptore
744 1991 813 2068 frui,
831 1990 888 2052 tibi
908 1992 1024 2052 dextera
1044 1992 1148 2063 sollers

399 2079 503 2165 Pingit
520 2085 675 2148 adorandis
695 2085 850 2146 absentum
868 2085 958 2146 verba
977 2085 1088 2168 figuris,

399 2174 440 2234 Et
458 2197 561 2238 manus
581 2179 612 2238 in
632 2178 711 2240 loliis
731 2178 805 2240 ludit
824 2177 997 2238 dexterrime
1017 2179 1145 2256 summis,

402 2268 444 2328 Ut
461 2269 594 2352 Druidae
613 2273 757 2334 mirentur
777 2291 861 2351 opus,
880 2291 1041 2352 succosque
1060 2283 1206 2353 notasque

324 2362 383 2426 26⁰
401 2359 442 2421 Et
459 2365 587 2427 volucris
607 2384 724 2447 pennae
745 2366 885 2440 officium,
904 2363 975 2424 mihi
994 2363 1064 2426 talia
1082 2387 1166 2427 mens
1186 2379 1234 2430 est

400 2454 525 2520 Discere
544 2469 575 2520 te
596 2460 730 2535 ductore,
749 2457 836 2548 velim
854 2457 1028 2541 virguncula
1047 2481 1172 2544 magnae
1438 2485 1439 2518 1

399 2549 480 2610 Artis
500 2561 531 2610 et
549 2549 679 2634 ingentis
700 2552 852 2614 doctrinae
872 2571 977 2612 arcana
997 2553 1109 2630 doceri,

402 2643 448 2705 Te
468 2653 640 2724 praeeunte,
659 2645 743 2728 piget
760 2646 812 2706 vili
831 2665 1005 2726 percurrere
1023 2647 1098 2708 telas

397 2736 532 2814 Pectine,
550 2737 598 2800 vel
617 2748 698 2800 torto
719 2739 864 2800 deducere
883 2738 1009 2800 stamine
1030 2740 1108 2818 lusu,

325 2830 383 2893 tot
401 2829 462 2888 Ant
479 2841 589 2891 vestem
609 2831 789 2913 distinguere
809 2851 873 2909 acu,
893 2832 940 2895 vel
960 2831 1057 2894 Gallia
1077 2835 1152 2896 laeta

399 2920 449 2982 Ad
468 2921 596 2984 citharae
617 2935 718 2986 cantus
736 2926 883 2990 modulari
902 2927 1030 2988 carmina
1049 2947 1133 2989 voce.

403 3014 521 3086 Claruit¹
536 3027 567 3077 et
584 3017 689 3080 Manto
709 3020 822 3097 studiis,
842 3022 990 3082 celebrata
1010 3019 1125 3103 Sibylla
1145 3031 1189 3082 est
1269 3079 1272 3086 .

402 3107 569 3184 Ominibus,
588 3110 683 3192 viguit
700 3113 787 3174 Latio
808 3115 945 3175 facundia
963 3115 1062 3175 matris

401 3201 616 3278 Gracchorum,
635 3203 797 3285 Pollaeque
818 3208 916 3283 decus,
935 3207 1049 3268 subtilis
1068 3207 1230 3270 Arachnen

323 3301 382 3364 270
399 3295 511 3356 Extulit
529 3315 590 3372 ars,
611 3296 726 3358 doctam
746 3301 954 3362 commendant
971 3301 1021 3362 fila
1040 3303 1214 3379 Minervam,

398 3391 551 3469 Textaque
570 3390 754 3472 magnificam
772 3403 949 3475 stupuerunt
967 3394 1060 3456 serica
1081 3395 1200 3457 Circen.

398 3481 448 3542 Me
467 3481 591 3560 pulchre
610 3473 763 3562 scripsisse
777 3487 866 3563 iuvat,
886 3489 929 3548 nil
947 3509 1056 3570 penna,
1076 3489 1128 3548 sed
1147 3511 1214 3551 usus

396 3571 545 3634 Proderit.
585 3574 613 3634 0
635 3575 755 3656 dignum
774 3581 892 3641 mortali
911 3593 1001 3664 gente
1020 3593 1182 3660 repertum,

398 3667 427 3730 0
448 3667 596 3749 Superum
616 3666 715 3728 labor!
735 3670 838 3752 exigua
858 3695 889 3734 se
911 3675 1031 3757 cuspide
1050 3675 1136 3736 terris

322 3765 380 3828 275
398 3761 537 3842 Explicat
553 3771 584 3822 et
601 3761 684 3824 tenui
704 3761 836 3844 loquitor
854 3789 937 3830 mens
957 3769 1058 3830 abdita
1077 3769 1162 3845 rima,

396 3853 437 3913 Et
455 3855 562 3933 procul
581 3855 714 3916 extremis
734 3859 829 3938 aperit
847 3863 983 3943 mysteria
1003 3863 1130 3938 Parthis,

396 3947 657 4042 Trausque'rnaris
677 3951 804 4014 tumidos
823 3953 939 4030 fluctus,
958 3956 1110 4037 Alpesque
1130 3955 1275 4038 nivesque

393 4039 579 4119 Intrepidum
598 4043 719 4106 molitur
737 4045 811 4118 iter3
830 4048 854 4107 si
875 4069 998 4108 cernere
1019 4049 1116 4110 cordis

395 4133 504 4212 Intima
524 4145 554 4194 et
573 4134 721 4198 abstrusos
741 4139 830 4200 animi
849 4152 1008 4220 penetrare
1027 4161 1158 4202 recessus

318 4233 376 4294 ‘280
394 4227 447 4287 Vis
468 4227 565 4290 divina
583 4228 671 4305 valet,
689 4251 744 4290 nos
763 4233 818 4293 hac
837 4233 1001 4314 interprete
1021 4253 1120 4316 penna

392 4321 434 4380 Di
453 4343 561 4397 sumus,
580 4333 610 4382 et
629 4323 721 4402 patuli
740 4337 837 4386 motus
858 4327 1064 4411 cognoscimus
1084 4327 1177 4402 urhis,

391 4413 433 4473 Et
451 4413 567 4476 Tanain
587 4415 675 4493 ultra,
695 4426 725 4476 et
743 4413 855 4501 Libyae
876 4419 1001 4498 deserta,
1038 4431 1210 4502 trucemque
