2960 5094
269 609 378 686 adium,
401 631 490 692 neque
508 607 609 672 attae
649 611 734 670 Tunc
755 599 885 671 aestuare
906 609 1008 688 coepit
1025 620 1055 668 et
1075 609 1187 670 dicore:
1216 609 1370 692 (Νῆι-

268 712 381 784 oremus,
400 685 539 782 sipiritus
557 726 622 766 oum
640 725 673 764 eo
691 707 834 764 mantnt?
866 701 1099 766 DiritOtkerus:
1124 701 1160 760 V
1156 701 1258 777 ttetts,
1274 706 1374 783 qualis

265 801 317 860 ttts
334 803 443 874 centra,
466 795 502 856 de
515 795 602 856 'robis
619 810 712 857 eutem
730 800 823 858 nescio
841 793 999 875 quidflut..
1035 797 1163 856 Etrecce
1183 797 1236 860 ista
1253 819 1370 860 sermo,

267 892 430 954 cinantibus
451 890 586 969 apparuit
604 891 699 963 scola,
729 890 888 950 vacationis
908 908 1023 967 semper
1041 889 1153 970 ignara.
1178 890 1296 963 ··Quam
1310 890 1371 952 avt-

267 967 338 1047 dens
357 983 547 1058 Desiderius,
563 983 754 1063 stupefactus:
781 981 840 1040 Iste
858 995 913 1056 est,
941 983 1052 1062 inquit,
1071 982 1212 1046 Krrmta
1251 985 1291 1044 Et
1303 983 1372 1068 Ot-

265 1079 364 1138 herus:
395 1077 483 1150 Nora,
515 1075 593 1152 infit,
618 1072 727 1145 adhuc,
751 1095 842 1153 reque
860 1071 968 1135 otlltuc.
1012 1075 1086 1135 Post
1108 1071 1184 1136 hauc
1208 1088 1372 1138 cernuntur

265 1170 414 1250 episcopi,
444 1170 675 1248 abbatesque·et
706 1164 821 1241 clerici,
853 1166 998 1246 capellani
1029 1189 1094 1230 cum
1120 1169 1275 1257 comitibus
1300 1170 1370 1232 suis.

267 1261 555 1342 Quibusadspectis,
575 1263 649 1321 haec
667 1258 713 1320 vix
732 1278 802 1340 egre
820 1259 878 1319 iam
899 1259 971 1321 lucis
989 1259 1124 1322 inimicus
1142 1263 1303 1340 mortisque
1314 1263 1369 1322 de-

265 1355 389 1416 siderius
413 1354 600 1436 singultando
627 1351 782 1412 blateravit
796 1352 840 1430 ¹):
870 1351 1089 1430 Descerrdomtts
1110 1368 1137 1414 et
1159 1353 1371 1416 abscondam

264 1440 296 1508 ira
315 1463 393 1508 terro
411 1470 431 1506 o
440 1449 530 1528 facie
540 1447 663 1526 furoris
682 1443 842 1505 adversarii
860 1459 919 1506 tom
937 1449 1070 1508 immonis
1083 1449 1126 1526 ²).
1156 1449 1204 1508 Ad
1224 1469 1298 1526 quae
1317 1467 1368 1506 re-

264 1540 333 1602 tulit
349 1540 536 1600 extimescens
558 1537 695 1614 Otherus,
714 1559 813 1616 rerum
834 1549 863 1598 et
883 1551 1037 1620 apparatus
1057 1540 1294 1622 incomparabilis
1306 1540 1367 1600 Ka-

263 1633 322 1693 roli
354 1631 502 1711 quondam
533 1641 682 1710 expertus,
714 1641 744 1690 et
772 1632 804 1690 in
834 1631 952 1690 meliori
982 1645 1119 1714 tempore
1146 1634 1367 1696 assuetissimus:
1470 1632 1471 1639 '

267 1724 391 1808 Quando
407 1720 528 1800 videm,
556 1723 707 1802 inquiens,
732 1738 851 1800 segetem
874 1727 983 1801 campis
1006 1725 1200 1788 inhorrescere
1215 1729 1367 1806 ferream,

170 1893 173 1900 ἢ
264 1817 435 1898 Padumque
461 1830 487 1875 et
509 1815 644 1879 Tisiam
668 1817 940 1900 marinisfluctt'bus
954 1821 1047 1899 ferro
1072 1819 1252 1898 reparantibus
1269 1841 1369 1880 muros

263 1913 384 1973 civitatis
403 1907 594 1986 inundatos,
615 1924 683 1970 tunc
706 1927 747 1970 est
771 1934 836 1987 spes
855 1912 965 1972 Koroli
982 1917 1125 1974 uenientes.
1166 1913 1220 1972 His
1239 1913 1368 1972 necdum

262 2000 367 2078 finitis,
398 2003 529 2087 primum
550 2004 586 2064 ad
605 1993 748 2065 ‘occasum
773 2003 875 2065 Circio
901 1995 948 2066 v'el
974 2008 1071 2068 Borea
1098 2003 1198 2086 coepit
1221 2025 1367 2086 apparere
1470 2068 1471 2071 ,

263 2097 346 2176 quasi
356 2096 450 2154 nubes
461 2096 631 2173 tenebrosa,
652 2117 725 2176 quae
738 2099 814 2158 diem
827 2097 1011 2160 clarissimam
1022 2102 1178 2160 horrentes
1188 2101 1219 2178 ³)
1239 2107 1366 2160 conver-

208 2202 213 2210 '
261 2191 300 2250 tit
317 2188 494 2276 inumbras.
536 2190 596 2250 Sed
616 2191 774 2270 propiante
794 2192 943 2270 paululum
964 2193 1152 2270 imperatore,
1172 2213 1367 2253 exaratorum
1470 2224 1471 2231 κ

263 2281 421 2362 s'p'l'endore
442 2283 502 2342 dies
523 2281 604 2344 omni
616 2295 704 2344 nocte
718 2283 909 2342 tenebrosior
930 2283 1038 2343 oborta
1053 2297 1096 2344 est
1112 2285 1238 2346 inclusis.
1277 2285 1365 2344 Tune

261 2377 338 2437 visus
359 2387 403 2436 est
421 2377 484 2456 ips‘e
504 2377 617 2438 ferreus
637 2374 772 2448 Karalus,
792 2374 888 2433 lcrrea
909 2375 991 2456 galea
1013 2377 1159 2454 cristatus,
1178 2379 1281 2440 ferreis
1299 2397 1364 2436 ma-

176 2535 182 2550 ,
260 2469 334 2528 uicis
349 2455 532 2543 armillatus,
553 2472 649 2529 ferrea
669 2463 790 2526 thorace
811 2465 939 2530 ferreum
961 2459 1064 2550 pectus
1083 2472 1279 2552 humerosque
1298 2471 1364 2550 pla-

261 2543 379 2620 tonicos
398 2545 524 2634 tutatus,
557 2562 638 2619 hasta
658 2557 754 2619 ferrea
779 2559 811 2618 in
831 2560 920 2621 altum
940 2563 1074 2625 subrecta
1093 2567 1237 2626 sinistram
1257 2565 1364 2646 implo-

260 2663 322 2723 tusr
353 2649 548 2711 nam'dextra
579 2653 615 2712 ad
647 2651 788 2713 invictum
813 2654 966 2736 chalybem
996 2679 1112 2739 semper
1146 2671 1208 2720 erat
1233 2670 1364 2731 extenta3

262 2753 398 2802 coxarum
426 2743 585 2818 exteriora,
618 2763 693 2824 quae
718 2757 844 2826 propter
869 2749 1034 2810 faciliorem
1066 2773 1215 2814 ascensum
1243 2753 1274 2811 in
1298 2751 1363 2812 allis

259 2835 359 2895 solent
382 2836 476 2896 lorica
495 2835 614 2913 nudari,
641 2838 673 2896 in
694 2859 730 2898 eo
756 2839 859 2900 ferreis
879 2843 1085 2906 ambiebantur
1108 2846 1282 2907 bracteolis·
1311 2844 1362 2904 De

259 2927 355 2987 ocreis
380 2927 452 3008 quid
472 2929 583 2990 dicam?
635 2931 722 3006 Quae
750 2944 780 2992 et
799 2947 906 2996 cuncto
928 2939 1066 2998 exercitui
1092 2940 1229 3001 solebant
1247 2940 1362 2999 ferreae

259 3029 377 3099 semper
398 3040 461 3081 esse
480 3022 553 3082 usui.
593 3025 629 3082 In
649 3024 759 3105 clypeo
779 3027 852 3086 nihil
872 3032 1007 3109 apparuit
1025 3033 1081 3092 nisi
1093 3033 1211 3094 ferrum.
1251 3031 1361 3092 Cabal-

258 3111 302 3172 lus
324 3133 442 3193 quoque
462 3114 539 3174 illius
565 3116 663 3176 animo
684 3129 715 3176 et
735 3119 836 3180 colore
862 3120 974 3182 ferrum
993 3125 1148 3186 renitebat.
1189 3126 1287 3201 Quem
1306 3126 1361 3185 ha-

258 3203 353 3265 bitum
390 3206 488 3267 cuncti
518 3210 745 3287 praecedentes,
782 3212 911 3273 universi
947 3236 980 3275 ex
1015 3209 1154 3278 lateribus
1186 3219 1361 3294 ambientes,

259 3317 422 3377 omnesque
435 3312 601 3380 sequentes,
623 3315 658 3362 et'
672 3313 751 3363 totus
772 3304 803 3363 in
824 3325 983 3369 commune·
1001 3321 1157 3389 apparatus
1176 3312 1252 3372 iuxta
1264 3312 1360 3392 possi-

258 3386 404 3448 bilitatem
424 3405 487 3478 erat
505 3393 641 3454 imitatus.
681 3395 804 3457 Ferrum
824 3397 943 3482 campos
964 3414 995 3464 et
1012 3404 1125 3484 plateas
1141 3405 1288 3482 replebam
1308 3425 1361 3465 ⁸0-

259 3478 390 3540 lis'tadii
409 3480 676 3546 reverberabantur
695 3491 757 3548 acie
778 3479 864 3562 serri;
884 3485 995 3575 frigido
1016 3498 1095 3554 ferro
1117 3496 1250 3554 honora
1271 3495 1358 3579 frigi-

256 3571 545 3662 dioridelerebatur
569 3578 695 3656 popul03
716 3581 979 3660 splendidissimum
1000 3586 1112 3646 ferrum
1130 3586 1237 3648 horror
1257 3590 1358 3670 erpal-

258 3661 313 3722 luit
335 3663 511 3726 cloacarum.
554 3667 582 3728 0
594 3683 597 3696 ¹
598 3672 739 3750 ferrum!
773 3671 827 3734 bert
837 3677 980 3756 ferram!
1015 3675 1127 3738 clamor
1146 3681 1285 3744 confusus
1309 3684 1357 3744 in·-

257 3757 357 3816 sonuit
377 3759 492 3820 civium.
530 3761 625 3822 Ferro
649 3768 827 3826 contremuit
847 3768 967 3829 firmitas
987 3788 1148 3849 murorum,
1169 3786 1199 3834 et
1218 3775 1356 3837 iuvenum

257 3850 412 3910 consilium
436 3851 516 3912 ferro
537 3849 667 3934 deperiit
685 3859 843 3920 seniorum.
888 3861 940 3922 His
960 3861 1050 3943 igitur
1078 3887 1152 3944 quae
1174 3887 1231 3948 ego
1251 3868 1355 3929 balbus

256 3953 287 4001 'et
308 3937 553 4020 edentulus,‘'no'n
573 3959 605 4008 ut
619 3947 724 4024 debui,
745 3948 866 4011 circuitu
876 3954 985 4014 tardire
1005 3951 1111 4018 diutius
1131 3956 1354 4040 explicareten-

254 4035 324 4111 tavi,
342 4036 494 4099 veridicus
512 4041 679 4120 speculator
700 4043 825 4105 Otherus
846 4045 1001 4108 celerrimo
1022 4040 1084 4114 visu
1104 4053 1263 4129 contuitus,
1281 4055 1354 4114 dixit

253 4166 454 4184 ⁸¹⁸²*—

295 4233 316 4282 ¹>
329 4233 402 4280 Stulte
411 4237 515 4294 protulit.
535 4267 559 4275 -
577 4239 672 4284 Perta.
701 4240 775 4286 Solito
791 4257 815 4288 es
832 4245 894 4290 nicht
907 4250 1068 4310 urspriingliclr
1081 4253 1205 4298 desiderius
1218 4252 1352 4300 Desiderius

253 4295 374 4404 peheissen
385 4301 481 4349 helsen?
506 4307 561 4348 Mun
574 4307 687 4386 kimn-
704 4309 752 4368 wir¹
765 4309 840 4392 haben
853 4315 924 4390 qelbst
936 4302 972 4360 ¹im
987 4309 1138 4395 Kommentar
1150 4318 1265 4398 lieispiole
1278 4335 1350 4382 gepe-

271 4375 300 4405 en
311 4365 387 4409 -das
400 4369 506 4415 Hascben
519 4372 561 4420 der
573 4371 734 4419 monomachos
747 4376 911 4438 Schongerster
923 4383 982 4428 rreob
994 4388 1121 4443 gerstlosen
1136 4387 1303 4448 Wortpptelen.

295 4429 318 4480 ²)
332 4430 379 4480 cfr.
393 4425 471 4481 Horat.
486 4437 530 4485 od.
543 4439 584 4486 lll.
601 4444 624 4494 2,
637 4441 660 4486 ὓ.
675 4467 700 4476 -
715 4441 737 4492 ³)
750 4441 891 4510 harrettdas?
904 4447 951 4492 und
968 4451 1029 4516 hurq
1037 4467 1112 4520 quyqr
1126 4452 1316 4524 ’,ιίςζίοαηιίίὀιιξὶ1
