2908 5094
725 401 731 410 ι

85 601 236 664 servitium
258 621 383 681 ponere,
403 623 465 666 nou
486 603 624 666 corvadas
635 607 676 682 ¹),
694 621 757 669 nou
773 607 924 672 materiam
938 603 1112 692 caedem),
1131 635 1188 680 acc

85 694 163 754 aliud
183 713 259 774 opus
280 695 336 784 sibi
352 697 454 756 ,faeere
475 708 599 779 cogant,
623 708 653 758 et
670 719 767 778 neque
787 699 845 763 ulla
866 702 946 764 dona
965 703 1001 762 ab
1020 705 1187 784 ipsissimi.

83 789 176 867 piant,
196 809 263 858 non
283 788 437 864 caballum,
457 811 519 850 non
539 790 659 864 bovem,
676 801 738 852 uon
751 813 879 872 vaccam,
898 815 1106 878 nonporcum,
1124 823 1187 884 pon

83 882 281 959 berbicem³)
306 882 573 962 nonporeellum,
598 904 661 944 non
685 886 845 964 agnellum,
873 908 929 950 nec
953 888 1039 952 aliam
1064 913 1188 974 causam,
1280 881 1289 894 ⁰

81 975 137 1036 uisi
157 973 318 1049 buticulas,
339 986 370 1036 et
388 980 537 1054 ortum⁴)‚
557 997 655 1058 poma,
675 977 771 1058 pullos
791 992 820 1040 et
841 1002 904 1044 ora.

137 1068 204 1126 IV..
233 1067 272 1128 Sl
292 1067 399 1128 familia
419 1080 518 1130 nostra
539 1070 669 1150 partibus
695 1071 803 1131 nostris
828 1073 952 1153 aliquam
977 1077 1085 1138 feccrit
1107 1079 1187 1142 frau-

81 1159 163 1236 dem,
179 1160 217 1220 de
239 1161 414 1236 latrocinIo,
439 1175 488 1222 aut
513 1163 570 1222 alio
596 1164 752 1243 neglecto,
770 1164 852 1224 ‘illud
870 1167 900 1226 ln
921 1183 1007 1248 eaput
1026 1187 1188 1254 conponat,

81 1255 117 1316 de
141 1255 263 1335 reliquo
289 1273 360 1317 vero
390 1255 538 1338 prolege
564 1257 687 1336 recipiat
718 1256 901 1336 disciplinam
925 1261 1108 1342 vapulando,
1131 1267 1188 1327 nisi

79 1360 274 1430 tantumtpro
295 1349 453 1410 homicidio
475 1350 664 1425 etincendlo,
683 1351 761 1410 unde
779 1350 901 1428 feidsa)
915 1352 1111 1432 exirepotest.
1139 1358 1188 1420 Ad

83 1443 215 1523 reliquos
236 1455 341 1506 autern,
354 1444 487 1504 homines
507 1444 646 1504 iustitiam
672 1465 773 1504 eorum
798 1442 914 1522 qualem
940 1429 1095 1508 habuerint
1117 1452 1188 1512 red·
1212 1479 1217 1492 ·

83 1535 154 1596 dere
186 1538 341 1613 studeant,
371 1538 447 1598 sicut
473 1537 519 1601 lex
545 1550 597 1598 est.
655 1537 717 1596 Pro
745 1536 822 1596 selda
848 1557 919 1598 vero
944 1548 1045 1598 nostra
1064 1551 1097 1600 ut
1115 1543 1187 1602 diri·
1226 1587 1238 1610 ,,

80 1629 277 1697 ιιιιιειήωὶῑὶα
302 1631 467 1712 vapuletur.
512 1632 619 1694 Franci
643 1642 739 1692 autem
766 1630 872 1709 quiin
898 1629 1015 1710 fiscisa)
1040 1643 1090 1692 aut
1113 1633 1188 1696 villis

81 1723 195 1786 nostris
223 1735 412 1786 commanent
437 1709 579 1802 quidquid
604 1724 803 1788 commiserint
827 1725 988 1786 secundum
1012 1724 1110 1806 legem
1135 1735 1220 1787 eo-'

80 1835 145 1872 rum
174 1817 332 1880 emendare
357 1817 507 1894 studeant3
540 1830 570 1878 ct
602 1819 682 1896 quod
707 1838 763 1896 pro
788 1817 867 1878 felda
892 1816 1029 1878 dederint
1052 1819 1089 1880 ad
1113 1839 1188 1900 opus

78 1919 218 1968 nostrum
237 1910 345 1984 ueniat,
364 1910 394 1970 id
414 1922 458 1970 est
477 1909 508 1972 lu
527 1910 645 1989 peculio
667 1911 765 1970 autin
784 1910 844 1972 alio
864 1911 976 1992 precio.

138 2001 179 2056 V.
222 1999 350 2072 Quando
371 2001 480 2068 iudices
500 2001 595 2060 nostri
614 2001 730 2064 labores
747 2017 865 2066 nostros
886 2005 984 2066 Iacere
1000 2002 1122 2080 debent,
1140 2024 1187 2066 ae·
1291 2029 1293 2037 ·

77 2091 198 2157 minare
219 2103 270 2178 aut
288 2111 381 2166 arare,
399 2112 506 2153 messes
527 2093 678 2174 colligere,
696 2095 797 2156 senum
808 2118 919 2174 secare,
936 2109 988 2158 aut
998 2097 1188 2175 vindemiare,

77 2182 282 2263 unusquisque
301 2182 332 2244 ln
352 2194 488 2263 tempore
508 2183 618 2246 laboris
644 2187 681 2246 ad
698 2207 934 2268 unumquemque
953 2181 1051 2248 locum
1069 2190 1196 2269 praevi·

80 2279 149 2338 deat
171 2298 205 2336 ae
226 2276 380 2342 instituere
400 2275 490 2336 faciat
510 2277 662 2356 quomodo
683 2275 792 2335 factum
818 2279 857 2338 sit
874 2293 908 2339 ut
926 2279 1004 2340 hene
1023 2281 1100 2342 salva
1120 2283 1187 2346 sint,

81 2370 117 2428 si
135 2370 217 2430 iutra
235 2369 358 2449 patriam
377 2390 440 2430 nou
460 2369 551 2430 fuerit
570 2378 602 2430 et
624 2368 655 2431 in
682 2367 769 2448 quale
795 2368 864 2430 loco
889 2369 977 2430 iudex
997 2371 1100 2430 venire
1124 2395 1188 2433 nou
1223 2418 1226 2431 .

81 2461 230 2542 potuerit,
248 2463 365 2522 missum
391 2463 503 2522 bonurn
524 2463 561 2522 de
581 2460 692 2520 familia
711 2473 826 2538 nostra,
853 2472 903 2524 aut
926 2461 1015 2522 aliam
1038 2463 1188 2526 bominem

80 2555 161 2616 bene
189 2555 349 2630 creditum,
379 2575 477 2617 causas
506 2565 629 2617 nostras
646 2547 833 2633 providendo
866 2552 973 2635 dirigat
1002 2555 1128 2634 qualiter
1150 2559 1188 2620 ad

81 2650 251 2726 profectum
271 2649 402 2724 senlant,
422 2659 452 2707 et
470 2645 555 2708 iudex
575 2646 733 2729 diligenter
752 2647 932 2728 praevideat,
951 2649 1111 2716 utssdelem
1131 2651 1186 2714 bo-
1221 2673 1224 2679 ¹

81 2742 191 2803 minem
211 2742 389 2804 transmittat
406 2739 538 2814 adbane
559 2755 677 2800 causam·
693 2739 915 2821 providendam.
1234 2731 1240 2738 ’

138 2835 198 2896 VI,
233 2835 377 2898 Volumus
396 2845 430 2892 ut
448 2833 557 2896 iudices
577 2834 674 2897 nostri
693 2834 851 2909 decimam,
878 2853 913 2894 ex
940 2833 1022 2894 omni
1042 2835 1185 2898 conlabo-

82 2931 189 3006 ratu⁷)
210 2923 338 3009 pleniter
358 2929 470 2990 donent
489 2926 526 2986 ad
545 2926 679 2988 ecelesias
700 2949 774 3006 quae
789 2927 902 2988 suntin
923 2928 1135 3004 nostris'fiscls,
1156 2923 1212 2992 et¹

84 3021 119 3079 ad
138 3022 258 3082 alterius
279 3020 431 3082 ecclesiam
450 3030 551 3079 nostra
571 3019 682 3079 decima
702 3020 770 3079 data,
786 3039 851 3084 non
869 3018 936 3093 fiat,
960 3021 1017 3079 nisi
1036 3021 1089 3082 ubi
1109 3022 1185 3082 anti—

84 3114 177 3190 quitus
198 3113 364 3180 institutum
383 3112 454 3187 fuit,
475 3123 504 3172 et
523 3130 585 3170 nou
605 3109 655 3170 alii
676 3109 775 3172 clerici
793 3109 923 3180 babeant
941 3109 1019 3188 ipsas
1039 3111 1186 3188 eeclesias,

84 3206 136 3268 nisi
152 3207 262 3281 nostri,
282 3217 333 3266 aut
352 3207 389 3266 de
409 3203 517 3274 familia
536 3214 586 3263 aut
606 3203 642 3264 de
662 3203 774 3284 capella
793 3206 904 3264 nostra.

136 3301 212 3364 Vll.
249 3301 294 3358 Ut
310 3299 508 3378 unusquisque
527 3297 614 3358 iudex
632 3317 715 3368 suum
734 3295 883 3356 servitium
895 3287 1024 3368 pleniter
1044 3293 1186 3374 perficiat,

84 3393 155 3452 sieut
175 3393 204 3454 ei
226 3390 317 3452 fuerit
335 3389 552 3462 denuntiatum,
577 3388 654 3448 etsi
677 3384 834 3454 necessitas
859 3376 992 3444 creuerit
1016 3387 1097 3465 quod
1120 3389 1185 3469 plus

84 3489 190 3548 servire
214 3483 322 3545 debeat
341 3492 412 3540 tunc
431 3491 602 3560 computare
628 3477 715 3538 faciat
738 3476 766 3539 si
788 3476 936 3540 servicium
961 3477 1068 3543 debeat
1085 3483 1184 3546 multi-

85 3577 191 3660 plieare
212 3576 260 3639 vel
279 3587 391 3638 noctes.

139 3671 227 3731 VIII.
265 3671 310 3728 Ut
328 3668 438 3732 iudices
449 3667 553 3728 nostri
566 3666 665 3728 vineas
679 3665 825 3745 recipiant
834 3662 960 3744 nostras,
980 3687 1062 3746 quae·
1074 3668 1111 3728 de
1131 3687 1183 3728 eo-

86 3783 146 3823 rum
157 3775 228 3824 sunt
245 3761 409 3822 ministerio
431 3772 461 3821 et
479 3760 557 3820 bene
579 3779 625 3820 eas
646 3759 765 3835 faciant,
784 3771 815 3819 et
833 3759 926 3838 ipsum
943 3759 1084 3821 vinumin
1104 3760 1184 3822 bona
1231 3839 1235 3846 ,

87 3855 200 3918 mittant
219 3855 345 3931 vascula,
366 3867 396 3916 et
415 3853 574 3937 diligenter
593 3852 763 3932 praevidere
782 3851 892 3912 saciant
906 3854 985 3934 quod
996 3855 1079 3922 nullo
1092 3855 1182 3914 modo

87 3949 287 4033 naufragatum
306 3943 400 4026 sict),
418 3948 477 4010 allo
497 3966 568 4012 vero
593 3945 664 4007 vino
691 3943 838 4024 peculiare
863 3950 1063 4029 comparando
1084 3957 1183 4005 emere

88 4121 283 4142 *Qud—.-

127 4237 147 4285 Ι)
160 4237 290 4294 Vorrpanu.
306 4261 332 4272 ·-
347 4233 370 4289 ²)
383 4236 530 4282 Ilolzfi'sllen.
544 4259 569 4269 -
585 4237 608 4288 ³)
623 4235 802 4281 nummum.

125 4303 148 4354 ⁴)
161 4302 342 4347 tttnsnfrtchsa
355 4305 472 4348 themam
486 4303 571 4346 Anm.
599 4303 664 4348 oter
675 4309 731 4347 nata
743 4299 874 4348 bardam?

126 4367 146 4418 ⁸)
159 4367 342 4428 Genugtbnung,
354 4370 547 4414 Scbadumstn.
560 4391 585 4404 ···
601 4369 623 4418 θ)
641 4369 830 4428 nunquan,
843 4363 974 4409 nonturn-

126 4433 147 4482 a)
160 4431 438 4496 wirsmctsnuwsigsn.
454 4458 479 4470 ·-
493 4435 516 4487 ⁸)
530 4435 694 4496 Ilmsoblageu.
