2900 5086
771 469 867 541 ors
1020 561 1023 568 Ι
1429 479 1430 568 l

266 635 558 717 Ricdgcressneiden,
586 637 656 699 inde
676 637 713 700 ad
732 635 873 698 verticem
890 627 1096 712 Olophendolss
1116 633 1152 693 ad
1170 627 1388 710 Olophersbeck,

267 731 337 792 inde
357 733 387 792 in
411 730 693 810 Coningecdrunnen,
714 751 769 811 per
788 731 872 790 huius
893 720 1063 789 descensum
1083 725 1114 784 in
1128 723 1330 803 Minoelingen
1343 729 1387 807 ¹),
1429 753 1430 772 1

267 845 322 912 per
345 823 429 887 huius
455 847 605 887 ascensum
632 825 668 886 ad
693 819 996 914 Manegoldescellom.
1051 817 1098 880 Ab
1125 817 1180 880 hac
1199 819 1232 879 in
1252 821 1386 882 fluvium

232 929 237 940 '
267 915 415 997 Moscho,
447 939 501 999 per
529 918 613 979 huius
634 939 783 978 ascensum
804 916 835 976 in
858 911 1141 987 &nolanorum
1171 911 1241 972 inde
1262 916 1304 974 ad
1324 915 1386 973 El-

270 1008 407 1087 lenbogers
425 1011 455 1070 in
475 1011 594 1074 fluvium
605 1005 774 1084 Borndoed,
793 1011 851 1090 per*
867 1007 927 1068 eius
944 1007 1114 1068 descensum
1128 1005 1159 1064 in
1172 1001 1384 1084 lilimela'ngffi

268 1119 302 1164 ex
323 1123 379 1182 qua
399 1103 435 1164 ad
456 1095 594 1184 quereum
620 1104 697 1165 inter
720 1097 885 1180 Groscoplu
910 1111 940 1162 et
958 1099 1143 1186 Murenam,
1170 1099 1242 1160 inde
1271 1101 1383 1162 iterum

268 1193 305 1254 ad
324 1205 455 1280 montem
475 1192 673 1258 Messeniam.

322 1777 330 1802 s
699 1699 937 1776 'LXXXVH.

361 1879 367 1888 .
496 1829 794 1914 ¹frontenimimrm
821 1829 956 1886 uiolae
978 1825 1155 1894 negem
1236 1926 1243 1934 Ι

622 1929 717 1985 'uxoris
735 1929 876 1986 childerici
892 1929 968 1998 Regis
980 1929 1017 2001 ⁸).

108 2039 112 2048 Ι
241 2052 243 2066 ’
305 2069 364 2132 Die
384 2070 516 2156 Kiioigin
537 2074 636 2154 Gisia,
662 2075 820 2138 Gemahlin
841 2077 891 2138 des
911 2074 1022 2136 letzten
1040 2072 1237 2154 Merwiogers
1261 2013 1386 2138 dhuo-

266 2160 346 2240 dnh,
374 2165 489 2228 welche
515 2168 547 2229 in
573 2171 622 2232 das
642 2171 761 2234 Illoster
780 2159 944 2232 Kochelsee
969 2168 1000 2228 in
1019 2166 1127 2226 Baiern
1146 2165 1222 2249 ging
1242 2170 1302 2230 ond
1321 2170 1372 2230 da-

267 2251 483 2338 selbst'starb‚
520 2265 686 2326 vermachte
722 2265 831 2326 diesem
866 2263 951 2324 ihren
985 2258 1131 2323 Nachlals.
1180 2262 1253 2322 Man
1279 2262 1372 2325 findet

268 2347 318 2410 das
338 2351 540 2418 Verzeichnils
561 2357 711 2419 desselben
728 2358 763 2418 in
790 2357 886 2417 einem
910 2353 1026 2414 uralten
1050 2373 1109 2414 von
1135 2353 1290 2416 derselben
1306 2355 1369 2432 Ko-

222 2462 226 2470 ’
265 2441 347 2524 nigin
368 2445 433 2508 dem
453 2447 571 2510 Kloster
590 2451 787 2532 geschenklen
808 2448 910 2510 Codex
928 2445 1126 2522 verzeichnet,
1145 2446 1277 2510 welches
1294 2448 1368 2510 vier-

266 2533 316 2616 sig
335 2537 486 2600 Homilien
513 2563 579 2606 vom
599 2543 691 2624 Papst
710 2544 831 2626 Gregor
850 2544 875 2604 Ι.
900 2539 1021 2603 emhilt.
1061 2538 1266 2600 Geschrieben
1290 2563 1366 2602 wor-

191 2699 195 2709 ,
267 2627 324 2688 den
344 2629 383 2691 ist
402 2633 497 2696 dieser
517 2635 619 2698 Codex
638 2659 698 2700 von
718 2637 934 2720 llengilhardus
953 2635 1015 2696 und
1035 2632 1215 2708 Chadoldm,
1238 2635 1295 2695 den
1314 2635 1366 2698 Sa-

232 2769 235 2788 ,
266 2721 400 2784 cellanen
425 2727 479 2788 der
496 2729 637 2812 Konigin.
676 2732 733 2790 Am
760 2730 895 2790 Schlusse
922 2730 972 2789 des
998 2739 1095 2790 ersten
1121 2728 1241 2790 Theiles
1266 2731 1365 2792 slehen

267 2813 315 2872 die
335 2815 463 2876 Worte:
496 2821 559 2880 Ora
588 2842 644 2900 pro
672 2822 843 2901 scriptore,
873 2821 897 2882 si
931 2820 1037 2882 habeas
1064 2821 1162 2882 Deum
1184 2823 1365 2900 Adiutorenr,

265 2906 464 2987 Heogildard,
488 2913 549 2972 und
569 2933 615 2974 am
634 2913 772 2976 Schlusse
792 2917 843 2976 des
869 2914 1010 2976 zweicen:
1041 2915 1211 2995 Expliciunt
1235 2917 1365 2980 Omeliae

266 2998 347 3062 beati
367 3002 509 3086 Gregorii
527 3005 635 3086 Papae.
676 3009 812 3070 Chadold
831 3009 990 3090 Presbyter
1008 3009 1123 3090 scripsit
1141 3009 1210 3071 istas
1230 3010 1365 3088 Onchas,

267 3093 318 3171 qni
338 3116 403 3155 cum
422 3097 537 3180 Regina
556 3100 655 3182 Kysila
683 3101 766 3163 venit
790 3104 826 3164 ad
847 3103 1058 3164 llonasterium
1077 3103 1109 3164 S.
1125 3103 1307 3188 Archangeli
1330 3105 1366 3166 ad
1432 3155 1433 3176 1

267 3185 483 3260 Quohchalum.
521 3194 610 3254 Dann
630 3195 733 3277 folgen
754 3196 802 3256 die
820 3196 949 3256 Worte:
971 3195 1078 3258 Obitus
1098 3198 1235 3260 Domnse
1253 3198 1365 3280 Kysilae
1432 3193 1433 3198 ¹

265 3278 402 3344 Monialis
422 3297 452 3344 et
470 3287 603 3368 Reginae
623 3288 676 3348 sub
696 3289 744 3350 die
763 3289 827 3349 idus
846 3288 953 3350 Martii.
982 3289 1047 3350 Aul
1063 3293 1115 3352 der
1132 3294 1274 3354 nichsten
1287 3291 1365 3354 Seite

264 3368 315 3432 hat
334 3374 400 3434 eine
420 3378 508 3440 Hand
528 3401 578 3442 aus
603 3382 669 3442 dem
688 3383 740 3442 IX.
759 3381 960 3442 Jahrhundert
985 3383 1141 3467 folgendes
1160 3385 1362 3469 hinzngeliigt:
1432 3377 1433 3392 ¹

264 3461 435 3544 Descriptio
454 3473 611 3550 pecuniae,
629 3473 676 3536 vel
698 3475 851 3553 librorum,
872 3496 945 3556 quos
965 3479 1000 3537 ad
1021 3478 1182 3542 Ecclesiam
1202 3479 1363 3542 sanctilli-

265 3552 371 3648 chaelis
399 3559 579 3647 Archangeli
603 3568 640 3626 ad
668 3568 855 3642 Quochalum
884 3570 1003 3632 tradidit
1025 3571 1126 3652 Kysila
1150 3573 1289 3636 Monielis
1306 3573 1363 3634 lle·

265 3646 324 3730 gali
342 3649 524 3718 Francorum
544 3659 691 3742 progenie
711 3660 788 3722 edita
808 3683 864 3743 pro
884 3663 929 3723 sui
949 3665 1246 3736 commemoratione:

413 3749 505 3812 Liber
559 3753 585 3814 1.
626 3748 760 3816 Genesis.

542 3847 582 3906 11.
616 3846 745 3931 ‘Regum

525 3940 580 4003 lll.
620 3941 770 4002 Salemon.

527 4031 579 4090 IV.
617 4034 678 4094 doh
699 4035 775 4096 inira
796 4036 844 4096 alt.
942 4089 946 4098 .

499 4143 502 4156 ·
543 4123 579 4182 V.
619 4124 807 4206 Prophetiae.

263 4243 461 4278 *ak-74...-

301 4342 326 4393 Ι)
338 4346 387 4389 Der
402 4349 467 4394 lliuss
484 4351 596 4416 Mssiliog,

302 4409 323 4457 ²)
338 4409 359 4454 Ι.
373 4415 615 4464 &intermoriturum
629 4428 652 4465 ec
665 4422 831 4467 immunitatem
846 4437 887 4469 seu
898 4426 1022 4472 terminum
1036 4430 1150 4475 coenobii.

241 4529 245 4538 Ι
278 4539 282 4546 ¹
302 4475 324 4532 l)
336 4477 370 4520 lu
384 4484 530 4540 vergleiohen
544 4487 585 4530 mie
598 4487 649 4532 dom
663 4489 811 4536 Breviorium
823 4505 900 4540 rerum
909 4492 1046 4546 flsoelmnn.
1073 4495 1135 4546 Beil.
1151 4512 1184 4550 nr.
1199 4495 1323 4550 emm.
