2960 5094
571 481 576 486 .
603 417 663 488 Μ

84 593 147 634 rum
167 536 282 652 quoque
302 543 532 652 Apostolorum,
557 581 589 633 'et
610 567 830 655 praedicatione
854 565 1178 660 sealt-tteteienptn

84 664 302 745 interne-qui
326 663 387 739 lac,
411 660 441 724 id
467 676 511 725 est
531 667 632 732 ,suavia
661 680 842 750 praecepta,
863 671 921 732 anis
947 669 1131 732 auditoribus
1141 672 1178 732 in

83 760 166 820 initio
184 759 254 820 fidei
274 757 438 818 ministrare
458 756 608 818 solebant
596 799 744 824 ......
783 761 888 824 Hisita
905 757 1111 840 consideratis,
1118 779 1176 828 'w

81 863 135 912 stra
154 848 333 914 sanctissima
352 849 451 910 Pietas
461 845 599 958 sapienti
623 853 748 913 consilio
767 856 945 934 praevideat,
970 858 1010 916 si
1018 847 1131 917 rdelfue
1141 857 1180 917 ait

80 945 208 1012 ιιιιιέιιιιι
223 939 376 1026 populis'
367 959 398 1002 ιιι
423 941 570 1022 principio
595 945 699 1006 fidei
689 963 789 1038 rugum
812 949 965 1028 imponere
990 927 1179 1026 deeimarum,

80 1049 111 1097 ut
137 1038 225 1132 plena
252 1038 304 1096 fiat
328 1033 532 1132 persingulas
556 1037 659 1097 domus
687 1039 799 1098 exactio
823 1041 950 1102 illarum
976 1059 1014 1102 an
1039 1041 1180 1120 Apostoli

81 1151 197 1210 quoqne
220 1129 286 1189 ab
278 1148 342 1207 ipso
354 1123 420 1187 Dei
441 1127 560 1188 Christo
581 1123 703 1206 ιιιθιιέ,ι
717 1141 758 1191 et
766 1131 813 1190 ad
818 1134 1048 1210 'praedicandum
1059 1135 1180 1196 mundo
1223 1171 1228 1196 ι

80 1224 167 1299 missi,
188 1221 354 1284 exactiones
375 1219 551 1280 decimaurm
572 1221 745 1332 exegissent,
765 1224 812 1284 ref
832 1223 939 1282 alicubi
958 1223 1181 1286 demandassent

81 1317 154 1392 dari,
174 1313 416 1376 considerandum
437 1321 494 1374 ιιι.
528 1313 641 1376 Scimus
661 1317 728 1396 quia
750 1309 907 1377 decimatio
927 1309 1180 1381 sinnaritanus
1276 1367 1283 1378 .

81 1421 159 1471 strae
179 1407 263 1472 valde
285 1406 363 1466 bona
381 1418 441 1466 est:
463 1407 515 1470 sed
534 1408 636 1468 melius
658 1420 703 1478 est
720 1409 798 1468 ills'm
812 1403 1073 1486 amitterepqn'am
1093 1409 1181 1472 fidein

82 1503 216 1581 perdere.
255 1500 318 1560 Nos
336 1519 407 1564 vero
427 1499 459 1558 in
479 1500 536 1559 fide
558 1495 936 1577 Catholicanati,·nut1iti
956 1511 986 1560 et
1003 1495 1183 1576 edomia-six

82 1593 280 1653 consentimus
300 1593 489 1653 substantiam
509 1589 639 1654 nostram
660 1587 788 1675 pleniter
807 1593 967 1654 decimare:
989 1603 1183 1672 quantulus·

82 1686 124 1767 gis
143 1697 248 1746 tenera
268 1685 350 1761 fidos,
370 1697 400 1745 et
418 1685 558 1746 infantilis
577 1686 703 1764 animus,
718 1700 764 1750 et·
784 1681 868 1750 avara
887 1705 974 1746 meus·
988 1687 1105 1748 illarum
1124 1687 1183 1749 lar·¹
1221 1723 1225 1732 ·

81 1779 164 1858 gitati
183 1793 248 1840 non
269 1777 436 1841 consentit?
465 1779 617 1841 Roborata
637 1799 708 1842 vero
728 1781 797 1856 fide,
808 1792 847 1840 et
863 1779 1044 1841 ‘confirmita
1058 1773 1184 1842 nonme-a

80 1871 180 1930 tudine
207 1870 453 1944 Christianitatist
479 1883 555 1934 tunc
580 1869 664 1951 quasi
679 1865 754 1932 viril
779 1865 929 1953 perfectis
941 1865 1082 1933 fortiore·
1086 1865 1184 1935 moed

79 1975 148 2116 ppnt
164 1973 362 2041 praerepta,
370 1983 429 2042 qua
451 1963 544 2024 solida
569 1982 667 2027 mene
664 1961 824 2106 religione
849 1963 1018 2032 Christiana
1041 1985 1116 2026 uon
1128 1965 1181 2028 aba

99 2064 202 2116 orreat
222 2065 278 2114 eto.
380 2079 384 2086 ·
677 2069 703 2106 ,ι
837 2097 860 2106 ..
929 2097 932 2104 .
1030 2075 1038 2106 ι
1068 2075 1126 2106 :>··:.
1155 2069 1182 2106 ,ι

539 2212 737 2226 -u-'n-

995 2259 1015 2270 vs
1045 2255 1058 2270 ι·
1082 2260 1111 2294 'l'n
1163 2239 1180 2290 'p

426 2367 428 2374 t
572 2359 576 2374 l
683 2355 697 2372 't

430 2384 437 2402 ·
599 2357 665 2430 XX

540 2419 544 2428 ι
667 2409 677 2430 0

553 2444 603 2454 ,ι,
680 2441 693 2450 ι-

99 2445 271 2541 nisutnr'
285 2443 453 2557 epistile
480 2485 532 2540 no
554 2457 754 2544 unm-iim
769 2439 943 2558 lienem,
958 2439 1085 2558 meieni
1111 2489 1172 2562 ιιι

207 2567 470 2660 expeditione
495 2571 773 2658 Beneventumz
802 2572 1096 2647 deltos-entur

139 2703 245 2766 Gloria
270 2715 302 2762 et
327 2702 389 2764 laus
408 2704 482 2764 Deo
506 2703 705 2782 omnipotenti
731 2724 786 2784 pro
812 2704 904 2764 salute
930 2717 963 2766 et
974 2705 1183 2802 prosperitate

28 2845 32 2856 .
84 2808 184 2873 vestra,
205 2795 368 2858 dulcissime
388 2818 428 2855 mr
420 2792 558 2870 'David,
579 2807 665 2876 atque
691 2815 746 2876 pro
773 2797 854 2856 omni
879 2789 994 2859 honore
1016 2811 1053 2860 et·
1064 2801 1182 2883 sapien

84 2890 132 2965 tia,
150 2891 182 2948 in
203 2890 311 2970 quibua
331 2902 361 2951 te
382 2887 501 2970 speciali
521 2889 614 2970 gratia
635 2885 768 2950 omnibus
780 2891 992 2971 supercellere
997 2892 1076 2954 fecit
1107 2895 1182 2956 Per-

86 2995 168 3062 petua
188 2981 349 3066 gratiarum
370 2982 447 3042 actio
466 2993 603 3058 resonet,
627 2993 657 3041 et
681 2982 793 3042 assidua
819 2991 982 3044 sanctarum
1007 2987 1181 3046 intercessio

87 3077 252 3153 orationum
278 3076 315 3135 ad
340 3073 437 3136 Deum
463 3074 621 3156 dirigatur3
651 3070 792 3153 quatenns
817 3075 960 3158 longaeva
986 3079 1184 3157 prosperitate
1253 3154 1258 3162 ⁴

89 3167 209 3231 feliciter
228 3169 320 3243 rivas,
337 3167 434 3228 valeas
453 3181 483 3228 et
501 3187 618 3250 regnes,
637 3167 674 3227 ad
693 3167 908 3229 correctionem
930 3182 960 3230 et
979 3169 1184 3229 exaltationem

87 3275 198 3325 sanctae
218 3281 288 3322 suae
306 3261 468 3322 Ecclesiae:
493 3273 527 3321 nt
549 3259 603 3320 sub
623 3259 811 3340 protectione
829 3272 898 3320 tuae
918 3259 1102 3324 venerandae
1121 3259 1183 3320 Po-
1240 3299 1244 3308 -

78 3355 193 3418 'testatis
213 3371 317 3416 secura
337 3353 434 3430 quiete
453 3355 522 3412 Deo
542 3351 694 3412 deserviat.
737 3349 841 3408 Effudi
860 3350 973 3428 pridem
992 3365 1094 3430 preces
1113 3373 1183 3435 sup-

54 3501 60 3518 ,
88 3435 359 3524 plicatiouislmeae'
383 3464 438 3524 per
463 3442 628 3503 Candidum
652 3439 790 3500 famulum
803 3440 957 3518 ¹uestrum,
982 3463 1052 3524 quas
1076 3451 1183 3524 precor

90 3538 220 3600 elementi
246 3535 348 3598 animo
369 3547 497 3603 ¹vestram
521 3535 668 3616 suscipere
688 3533 843 3596 Pietatem.
897 3535 1050 3616 Quicquid·
1071 3540 1182 3600 animus

89 3633 229 3714 suggessit
248 3652 329 3692 meus
347 3629 435 3706 mihi,
454 3640 550 3690 totum
568 3628 632 3690 misi
650 3627 681 3688 in
701 3627 784 3690 au'res
804 3629 875 3705 eius,
896 3641 928 3688 nt
946 3643 1133 3694 conservaret
1151 3631 1184 3692 in
1279 3691 1289 3710 ‚

89 3724 185 3800 corde,
202 3733 377 3802 vestraeque
396 3723 528 3785 veridico
547 3743 599 3783 ore
619 3733 783 3802 patesceret
801 3721 919 3783 Pietati.
952 3717 1026 3784 ⁴Setl
1044 3725 1114 3800 ιιθιέ
1134 3741 1183 3786 ιι·-

89 3835 151 3876 rum
170 3828 291 3879 eventus
315 3807 408 3879 nostis
432 3817 538 3892 iterum
563 3813 689 3876 caritatis
715 3832 814 3894 penna
841 3835 958 3877 exarare
977 3835 1072 3878 meam
1092 3820 1183 3880 dero-

88 3905 198 3966 tionem
217 3908 314 3988 apices
333 3907 530 3969 exhortantur.
568 3908 676 3968 Audivi
696 3907 858 3987 siquidem,
884 3911 964 3990 quod
988 3901 1051 3972 sine
1078 3903 1183 3971 dolore

91 4009 120 4056 et
137 3998 270 4081 lacrymis
289 4021 351 4062 non
371 4001 479 4108 dicam,
498 4001 721 4084 Maganfredum
741 4000 858 4061 fidelem
876 4016 1019 4080 vestirem,
1038 4002 1183 4079 nobisque

91 4090 264 4152 carissimum
283 4093 422 4170 amicum,
446 4094 477 4154 in
503 4095 711 4155 Beneventana
735 4093 811 4154 diem
838 4093 951 4158 obisse
948 4095 1057 4176 patria.
1094 4090 1183 4152 Unde
1281 4115 1284 4123 ·
1387 4089 1390 4096 ’

28 4199 29 4202 ’
91 4195 207 4266 rogatus
226 4207 288 4246 sum
308 4205 325 4245 a
350 4185 492 4246 fratribus
506 4185 600 4246 sancti
617 4185 698 4246 Petri
717 4185 815 4248 literas
836 4189 962 4274 dirigere
981 4182 1113 4246 Bonitati
1132 4203 1183 4246 ve-

92 4285 179 4354 strae,
198 4299 255 4360 pro
276 4276 387 4338 cellulis
406 4279 443 4338 ad
463 4298 525 4338 earn
545 4278 703 4358 antiquitus
721 4280 936 4360 pertinentibus
955 4262 1132 4352 ecetesiam,
1151 4288 1184 4336 nt

92 4387 202 4436 merces
217 4383 312 4436 restra
332 4380 407 4432 esset
426 4389 460 4430 ex
478 4368 592 4434 illarum
611 4370 765 4453 aliquibus,
784 4372 808 4433 si
826 4385 944 4436 restrae
965 4366 1097 4433 rideatur
1107 4369 1183 4430 Pro-

888 4464 947 4597 to
