2960 5094
553 448 558 462 .
647 398 703 469 B!

134 556 238 626 XXV.
275 555 328 620 De
357 575 402 616 eo
437 555 560 636 quod
557 555 640 618 sibi
668 566 818 618 sanctos
854 489 1006 640 lingunt
1034 559 1227 672 quoslibet
1278 589 1290 612 ι

119 685 127 695 -
225 728 227 732 Ι
276 660 460 711 mortuos
557 683 558 690 ι

120 835 325 918 Episcopus
315 857 347 896 ιιι
371 853 509 898 sermone
536 835 577 896 de
603 832 743 898 Kalendis
765 836 906 948 bunariis
934 782 1079 902 destincte
1109 841 1229 922 exponit

123 925 205 990 bunc
223 949 408 1012 paganorum
427 915 530 988 ritum·

164 1019 297 1097 laiseis,
307 1021 457 1102 inquiens,
477 1019 580 1082 diebus
598 1019 697 1082 misem
689 1019 850 1083 'homiues
869 1033 899 1084 et
918 1025 998 1104 quod
1017 1025 1101 1106 priua
1118 1037 1179 1103 est,
1198 1037 1229 1088 et

164 1115 255 1195 aliqui
275 1105 427 1196 baptizati,
445 1125 562 1174 sumunt
578 1111 689 1174 formas
708 1113 866 1188 adulteras,
884 1127 1001 1178 sumunt
1018 1118 1130 1199 species
1141 1139 1228 1182 mon-

165 1220 312 1284 struosas,
331 1209 364 1269 in
384 1208 488 1288 quibus
509 1208 645 1288 quidem,
670 1228 745 1287 quae
769 1207 896 1289 primum
915 1209 1036 1272 ridenda
1061 1223 1111 1272 ant
1129 1212 1229 1292 potius

152 1301 296 1361 ‘dolenda
314 1301 387 1376 siut,
413 1301 524 1362 nescio.
570 1300 646 1375 Quis
672 1301 750 1363 cuim
770 1301 887 1381 sapiens
907 1303 1027 1364 credere
1045 1305 1158 1384 poterit
1181 1305 1228 1366 iu-

167 1387 267 1454 venire
286 1395 398 1474 aliquos
423 1413 510 1455 sanae
533 1393 657 1467 urentis,
683 1392 733 1474 qui
755 1393 904 1454 cervulum
931 1394 1070 1456 iacientes
1094 1393 1229 1458 iu'lera-

166 1507 231 1546 rum
250 1508 282 1549 se
300 1476 395 1548 velint
413 1487 529 1548 habitus
550 1497 738 1548 commutare.
776 1485 837 1546 Alii
855 1487 1022 1548 vestiuntur
1039 1489 1164 1568 pellibus
1174 1511 1228 1571 pe-

165 1581 286 1645 endum:
306 1581 355 1640 alii
374 1581 530 1641 adsumunt
549 1579 645 1660 capita
664 1577 832 1656 bestiarum,
851 1582 1012 1664 gaudentes
1033 1593 1064 1642 et
1084 1581 1228 1642 ιιιιιΙιιιι-
1335 1613 1337 1617 v

166 1681 222 1749 tes,
242 1673 266 1733 si
286 1673 386 1736 taliter
404 1693 435 1734 se
454 1674 492 1734 iu
503 1672 611 1734 ferinas
630 1672 742 1754 species
753 1672 1036 1750 transformaveriut,
1054 1673 1231 1738 utbominea

166 1785 230 1827 esse
256 1787 319 1828 non
339 1767 510 1842 videantur,
534 1787 569 1826 ex
588 1786 647 1846 quo
666 1765 799 1827 indicant
818 1777 849 1826 et
866 1766 1012 1848 probant,
1037 1785 1101 1826 uon
1119 1777 1180 1826 tam
1199 1787 1231 1830 se

165 1857 297 1920 habiturn
315 1860 365 1924 vel
384 1860 476 1922 ιίιιιιιι
495 1858 616 1936 habere,
636 1881 722 1940 quam
742 1864 867 1920 sensum.
905 1862 981 1922 Nam
1001 1859 1130 1940 quamns
1149 1861 1230 1922 simia

166 1949 313 2013 litudiues
330 1954 512 2014 diversorum
537 1952 703 2014 animalium
723 1953 884 2034 exprimere
907 1953 940 2012 in
959 1973 991 2014 se
1009 1953 1137 2030 uellent,
1166 1975 1231 2016 cer-

167 2051 231 2100 tum
252 2055 422 2119 esttamen,
440 2045 536 2103 iubis
555 2045 646 2127 magis
666 2065 720 2106 cor
737 2047 881 2126 pecudum
902 2065 985 2122 esse,
1005 2067 1092 2127 quam
1111 2047 1230 2110 formas.

159 2135 230 2195 'Iam
249 2155 322 2197 vero
347 2136 421 2196 illud
442 2134 528 2215 quale
547 2134 595 2196 vel
615 2157 700 2213 quarn
717 2149 805 2216 turpe
823 2151 878 2214 est,
898 2140 979 2218 quod
994 2140 1049 2204 viri
1069 2140 1130 2202 nati
1150 2141 1231 2202 tuni·

166 2230 208 2291 cis
219 2227 412 2304 muliebribus
420 2227 587 2290 vestiuntur
606 2237 637 2288 ιι
656 2228 820 2308 turpissima
839 2231 1039 2292 demutatione
1051 2232 1231 2311 puellaribus

148 2323 269 2407 [figuris
285 2320 371 2385 virile
388 2322 484 2382 robur
503 2321 692 2396 effeminant,
716 2339 779 2381 nou
798 2320 1004 2380 erubescentes
1030 2323 1161 2384 inserere
1181 2337 1231 2384 tu·

171 2415 246 2476 uicis
269 2411 460 2478 muliebribus
479 2410 631 2476 militares
645 2414 781 2475 lacertos.
823 2412 966 2474 barbatas
992 2413 1081 2477 laciea
1106 2435 1177 2495 prae
1201 2435 1233 2478 ιι

168 2497 270 2568 ferunt
289 2521 318 2580 et
335 2510 428 2572 videri
447 2530 478 2570 ιι
497 2508 619 2568 seminas
640 2507 756 2581 volunt,
775 2517 809 2566 ιιι
827 2507 935 2567 merito
954 2505 1067 2568 virilem
1085 2507 1143 2568 iam
1167 2509 1232 2570 for-

168 2601 323 2663 titudinem
347 2624 410 2664 uou
436 2601 565 2678 habeut,
588 2600 638 2680 qui
662 2588 878 2661 in'muliebres
903 2600 1017 2660 babitus
1043 2601 1246 2678 ιιιιιιίιιιιιιιςΙ

169 2695 246 2756 iusto
273 2696 350 2756 cuim
370 2696 479 2758 iudicio
492 2687 612 2758 'venisse
632 2691 810 2754 credendum
830 2704 888 2768 est,
914 2703 948 2754 ut
965 2693 1121 2756 militarem
1139 2693 1232 2758 virtu-

168 2797 228 2847 tem
253 2789 435 2866 amitterent,
467 2787 517 2868 qui
541 2777 715 2847 laminarum
741 2805 772 2850 ιι
796 2786 898 2866 specie
915 2785 1129 2848 deformassent
1139 2831 1231 2850 .....

169 2881 266 2940 Etiam
286 2895 316 2943 et
335 2881 399 2944 illas
412 2881 631 2944 observationes
650 2879 733 2940 velut
752 2879 864 2940 diaboli
873 2900 988 2940 venena
997 2881 1143 2967 respuite3
1163 2883 1232 2962 quia

169 2976 251 3055 quod
269 2977 353 3055 peius
374 2988 435 3052 cst,
458 2975 552 3035 adhuc
571 2973 672 3054 plnres
696 2973 727 3032 in
747 2973 861 3054 populo
883 2971 1053 3034 Christiano
1073 2975 1232 3036 observare

169 3089 232 3128 uon
266 3067 451 3129 erubescunt
500 3067 578 3128 Sunt
602 3066 695 3141 euim,
726 3067 777 3145 qui
801 3067 834 3126 in
858 3066 996 3127 Kalendis
1021 3067 1164 3128 Ianuariis
1191 3068 1232 3128 ita

170 3162 292 3247 auguria
313 3161 484 3237 observant,
507 3173 541 3220 ut
559 3159 658 3220 locum
679 3159 810 3242 (ignem)
830 3160 867 3223 de
888 3159 976 3220 domo
996 3179 1064 3234 sua,
1086 3159 1134 3219 vel
1154 3159 1233 3220 allud

169 3256 369 3336 quodcunque
388 3253 563 3317 beneficium
582 3252 747 3333 cuicunque
766 3251 880 3333 patenti
898 3272 961 3311 uon
980 3251 1122 3308 tribuant
1158 3249 1233 3312 Dia-

169 3348 285 3409 bolicas
305 3347 392 3406 etiam
411 3359 521 3408 strenas
541 3357 572 3405 ιι
590 3345 627 3405 ab
648 3339 711 3404 aliis
731 3343 881 3422 accipiunt
900 3339 931 3400 ¹et
949 3341 1005 3420 ipsi
1024 3339 1086 3402 aliis
1098 3343 1232 3417 tradunts

169 3441 262 3521 aliqui
287 3439 375 3500 etiam
400 3437 498 3498 rustici
522 3437 554 3494 in
583 3435 646 3515 ipsa
665 3445 771 3509 nocte,
797 3453 871 3513 quae
896 3431 1064 3513 praeteriit,
1087 3436 1233 3498 mensulas
1262 3445 1266 3455 “

125 3563 135 3570 ³
173 3555 237 3594 suas
262 3534 365 3616 plenas
385 3529 483 3593 multis
501 3528 608 3603 rebus,
636 3547 710 3606 quae
732 3527 768 3588 ad
786 3526 1019 3590 manducandum
1043 3540 1111 3588 sunt
1129 3549 1233 3591 necea-

172 3627 265 3702 sarie‚
298 3634 527 3706 componentes,
561 3632 625 3682 tota
650 3632 739 3682 necte
764 3621 805 3681 sic
831 3619 1007 3700 compositas
1031 3639 1095 3680 este
1117 3621 1233 3698 voluat,

173 3722 345 3796 credentem
358 3719 439 3798 quod
458 3717 516 3776 boc
535 3714 592 3774 illis
604 3714 755 3774 Kalendae
773 3713 925 3775 Ianuariae
944 3718 1233 3797 praestaae'possent

170 3813 324 3889 auxilium,
350 3823 384 3871 ut
401 3821 495 3872 tubam
515 3829 623 3869 anuum
643 3807 776 3872 ιοιιιίιίι
794 3807 913 3866 illorum
931 3806 963 3866 in
982 3805 1034 3866 tali
1054 3804 1231 3870 abundantia

172 3917 373 3986 perseverent
470 3961 474 3972 ,

191 4001 283 4060 XXV.
321 3975 1144 4086 Dswpodsttsanuuflngmqmltttmm.
1172 3989 1233 4049 Per

131 4095 215 4154 laane
237 4091 474 4172 supemtitionem
494 4091 590 4152 oblito
614 4109 676 4151 uno
699 4107 831 4167 veroque
849 4085 918 4146 Deo
944 4097 1030 4147 enata
1049 4080 1119 4144 suut
1140 4081 1231 4142 multa

132 4185 226 4248 millia
245 4185 378 4248 Deorum
404 4195 434 4244 et
452 4185 622 4266 geniorum,
649 4201 774 4262 quorum
799 4179 887 4242 etiam
912 4174 1115 4260 genealogias,
1138 4185 1173 4236 ut
1197 4194 1231 4236 ιι

133 4278 268 4341 Danielis
292 4277 435 4358 Episcopi
457 4275 679 4337 Wintonicnsis
709 4273 832 4356 epistola
865 4268 902 4333 ad
924 4267 1110 4334 Bonifatium
1139 4275 1231 4351 paret,

108 4389 112 4398 ’
135 4372 269 4436 sollicite⁴
291 4359 488 4432 conterebant
515 4380 604 4451 atque
627 4387 645 4430 a
669 4365 882 4431 celebrioribus
903 4379 1077 4446 magnorum
1088 4364 1232 4426 ..virorum
1266 4355 1293 4430 ’,

895 4563 904 4610 l
