2908 5094
583 427 669 498 111

64 588 128 648 alio
151 534 288 668 duolibet
306 585 452 661 examine,
467 592 617 664 'parentet
640 539 847 666 sdpurifieare
866 582 1011 662 debeant,
1036 603 1089 652 ens
1111 601 1175 654 tton
1266 595 1271 602 ’

64 681 260 762 oppressisse.
299 678 445 738 Monendi
464 688 532 738 sunt
551 695 679 756 namque
702 688 732 736 et
751 677 936 758 protestandi
960 693 1112 760 parentes,
1135 703 1175 748 ne

60 785 124 847 tam
136 772 276 834 tenellos
295 789 396 834 secum
416 771 447 830 in
466 770 533 830 uno‘
548 769 628 830 lecto
649 769 811 846 collocent,
840 790 880 830 ne
900 771 1083 854 negligentis
1102 793 1174 857 qua.

65 867 143 930 libet
163 865 366 946 proveniente
384 860 570 922 suffocentur
588 861 635 924 vel
656 861 866 940 opprimantur,
885 865 965 928 uude
984 866 1176 946 iprihomiei-

62 959 106 1018 dii
130 959 179 1019 rei
204 958 403 1020 invenientur.
451 956 527 1016 Nem
552 953 625 1014 femi
651 953 818 1030 candentis,
845 956 893 1019 vel
917 977 1010 1040 aquae
1035 961 1177 1028 feruentia

61 1052 292 1114 examinatione.
306 1047 523 1112 confessionem
543 1045 713 1129 extorqueri
738 1065 755 1105 a
775 1049 909 1126 quolibet
927 1053 1002 1114 secri
1018 1075 1084 1116 non
1104 1077 1176 1126 een,-

60 1157 128 1206 seut
155 1163 307 1217 canonem
338 1154 367 1202 et
392 1142 473 1222 qnod
494 1151 664 1202 sanctorum
690 1149 808 1218 patrum
832 1141 1176 1228 documentosaneitum
1222 1225 1224 1235 Ι

58 1248 206 1312 nonest,
225 1235 426 1316 superstitiosa
443 1233 655 1295 adinventione
675 1251 738 1294 non
765 1243 810 1294 est
828 1241 1095 1322 praesumendum).
1130 1243 1177 1306 Sa

57 1330 151 1406 lenge
169 1333 216 1408 eie
234 1327 374 1390 &elder
388 1325 466 1390 tticdt
480 1323 619 1406 giueded
635 1346 676 1386 zu
691 1323 903 1389 ιιιιίθιιᾶήίοέιιι
920 1333 961 1390 ter
977 1333 1088 1404 &ando
1104 1357 1176 1414 tm,

56 1421 199 1484 verbund
213 1427 255 1484 sie
274 1421 548 1503 dmmffoeetguens
565 1416 720 1482 nemete
733 1417 957 1500 ‚Heedlmtgm
989 1426 1090 1488 wlede
1106 1451 1177 1490 urae

57 1539 115 1578 uus
135 1514 197 1576 den
214 1517 239 1577 F
241 1515 361 1578 ormulis
381 1515 621 1576 Exoreiamorum
643 1534 694 1590 ap.
720 1513 887 1592 Walter,
911 1515 986 1592 ΙΙΙ,
1006 1541 1042 1595 p.
1062 1525 1120 1586 689
1129 1521 1176 1604 ff.

59 1606 279 1674 kenneelerut.
321 1607 427 1685 Ver-gl.
448 1606 726 1686 Philtips5uo.
751 1605 800 1682 0.,
820 1629 849 1668 ιι.
869 1615 938 1676 521.
957 1639 999 1657 ·-·
1022 1609 1178 1674 Habendi·

62 1703 213 1765 Ordalien
229 1707 270 1764 ιἰιι
288 1703 533 1779 Attgmetms.
552 1697 635 1762 erud.
656 1699 810 1775 Grimtn,
825 1724 860 1762 ιι.
881 1725 910 1762 a.
934 1702 983 1782 0.,
1002 1703 1039 1765 S.
1058 1706 1176 1791 908ff.

57 1797 94 1859 F
114 1799 254 1876 Maior,
275 1795 454 1860 Geschiehte
474 1795 528 1856 der
548 1793 692 1855 Ordalien
707 1799 794 1878 1795,
813 1799 841 1860 8.
873 1748 1053 1876 Zwiclrer,
1072 1800 1178 1862 Uener

60 1891 107 1952 die
131 1891 309 1978 ΟιιΙιΙιι
282 1911 331 1951 eru
350 1889 473 1968 Beitreg
491 1909 545 1948 zur
565 1885 727 1949 deutschen
737 1886 1037 1970 Rechtsgeschicltte..
1060 1894 1177 1972 fidetiu-

55 2005 115 2060 gen
136 1989 228 2058 1818,
247 1975 277 2048 8.
315 1979 444 2040 Endliols
461 1980 552 2056 negt.
571 1990 646 2042 mun
660 1977 716 2041 elie
723 1977 926 2062 Adferadleeg
945 2005 1003 2044 ιιοιι
1020 1963 1178 2066 Mmatori,

58 2080 90 2136 in
110 2074 218 2136 ἆσιισιι
236 2073 425 2152 Antiq.1tal.
448 2071 622 2151 Velit]
808 2107 811 2118 ·
1057 2127 1074 2136 ,,

117 2170 189 2230 XV.
228 2168 329 2248 Super
353 2165 436 2226 omui
460 2175 560 2224 eutem
583 2163 721 2224 iubemus·
743 2177 830 2244 atque
853 2170 1048 2250 praecipimus
1067 2185 1102 2234 ut
1120 2174 1177 2254 ipsi

61 2275 120 2324 tres
141 2263 250 2322 fratres
276 2280 375 2322 eurem
403 2269 434 2320 et
458 2257 676 2324 defensionem·
690 2259 842 2320 Ecclesiae
866 2263 959 2322 sancti
983 2264 1067 2324 Petri
1091 2267 1178 2328 simul

59 2355 236 2434 suscipiant,
254 2354 329 2414 sieut
347 2351 497 2431 quondam
517 2351 554 2412 eb
575 2372 632 2414 evo
652 2362 757 2412 nostro
777 2349 908 2426 Karolo,
932 2363 963 2412 et
986 2353 1092 2416 beatae
1110 2379 1175 2417 me-

60 2447 179 2507 moriae
201 2445 340 2527 genitore
358 2455 462 2506 nostro
481 2445 613 2526 Pippino
634 2445 735 2528 Rege,
761 2451 791 2506 et
810 2465 827 2504 a
847 2445 935 2506 nobis
954 2457 1059 2526 poster
1077 2470 1176 2511 susce-

61 2552 113 2620 pta
135 2552 193 2616 est,
213 2549 247 2598 ut
266 2559 329 2598 eam
349 2559 415 2598 eum
434 2538 494 2598 Dei
513 2540 661 2600 adiutorio
682 2539 718 2600 ab
740 2539 875 2600 hostibus
895 2539 1058 2602 defendere
1077 2543 1176 2604 nitan-

64 2645 120 2710 tur,
142 2643 175 2694 ιι
193 2632 334 2692 iustitiam
354 2653 446 2707 suam,
465 2643 606 2711 quantum
626 2633 663 2694 ad
681 2633 762 2712 ipsos
775 2635 905 2714 pertinet
925 2645 956 2694 et
974 2636 1051 2701 ratio
1071 2649 1176 2718 postn-

64 2725 185 2806 laverit,
209 2725 321 2786 habere
345 2725 463 2786 facient.
507 2725 651 2788 Similiter
675 2739 707 2788 et
730 2727 767 2788 de
794 2728 915 2788 caeteris
939 2728 1080 2791 Ecclesiis
1100 2751 1176 2811 quae

66 2821 116 2879 sub
139 2819 264 2880 illorum
283 2819 395 2879 suerint
412 2829 576 2898 potestate,
601 2821 796 2902 praecipimus
822 2833 856 2884 ut
879 2816 1018 2882 iustitiam
1043 2835 1176 2886 suamet
1281 2841 1284 2856 ¹

66 2911 212 2972 honorem
233 2913 379 2987 habeant,
407 2923 437 2971 et
455 2913 592 2974 Pastores
613 2925 700 2994 atque
719 2915 862 2976 Rectores
887 2917 1100 2978 venerabilium
1127 2919 1174 2978 lo-

68 3024 167 3066 corum
188 3005 319 3066 habeant
342 3015 520 3086 potestatem
546 3025 740 3086 rerumquae
767 3007 837 3066 ad
828 3029 891 3086 ipsa
917 3009 983 3068 loca
1008 3011 1057 3088 pia
1080 3010 1174 3089 perti-

67 3110 146 3174 nent,
166 3099 198 3158 in
221 3118 399 3178 quocunque
420 3098 457 3158 de
477 3097 520 3157 lris
540 3097 634 3158 trihus
654 3100 879 3182 reguisillarum
891 3099 1090 3200 Ecclesiarum
1102 3123 1175 3182 pos-

67 3192 207 3252 sessiones
229 3192 349 3252 fuerint.

117 3285 203 3344 XVI.
247 3285 354 3360 Quod,
384 3283 408 3344 si
433 3283 470 3343 de
495 3283 540 3344 his
568 3284 684 3345 statutis
710 3297 798 3365 atque
824 3285 1040 3346 convenientiis
1064 3285 1175 3365 aliquid

69 3395 130 3436 casn
150 3375 301 3458 quolibet,
317 3375 366 3436 vel
384 3372 563 3456 ignorantia,
583 3379 664 3455 quod
682 3399 745 3437 non
757 3390 902 3458 optamus,
921 3372 1011 3437 fuerit
1020 3378 1176 3460 irruptum,

68 3469 262 3552 praecipimus
281 3481 315 3528 ut
334 3489 421 3550 quam
441 3467 578 3528 citissime
597 3469 757 3532 seeundum
775 3471 913 3532 iustitiam
934 3475 1090 3536 emendare
1110 3485 1173 3536 etu-

70 3560 168 3640 deant,
200 3581 242 3624 ne
266 3563 345 3623 forte
370 3571 496 3670 propter
513 3561 699 3624 ‘dilationem‘
720 3565 812 3626 maius
837 3567 973 3628 damnum
1004 3570 1098 3650 possit
1121 3570 1173 3630 ad-

71 3671 206 3717 crescere.
1141 3679 1143 3688 ·

120 3749 220 3809 XVII.
257 3747 305 3808 De
332 3747 446 3810 filiabus
472 3757 569 3811 autem
589 3752 715 3828 nostris,
744 3755 895 3815 sororibus
920 3753 1033 3816 scilieet
1054 3757 1175 3838 praedi-

71 3847 180 3902 ctorum
204 3841 333 3902 filiorum
358 3854 542 3919 nostrorum,
572 3844 705 3906 iubemus
737 3857 785 3906 ut
782 3860 866 3927 poet
889 3833 1024 3912 nostrum
1048 3849 1086 3912 ab
1106 3851 1172 3912 hoc

71 3947 192 4036 ⁰⁰fi⁰¹²
219 3934 374 3996 dssoestum
398 3935 547 4006 licentiam
578 3938 708 4004 habeant
737 3959 931 4023 unaquaeque
960 3944 1093 4028 eligendi
1109 3941 1171 4004 suh

17 4033 18 4066 1
73 4021 150 4085 euius
167 4027 263 4090 fratris
288 4027 379 4090 tutela
404 4042 434 4092 et
459 4031 632 4097 defensione
657 4052 689 4092 ee
715 4033 852 4100 conferre
876 4035 956 4098 velit.
998 4039 1039 4098 Et
1064 4031 1173 4112 ιιιιιίίι·
1280 4045 1285 4058 ’

17 4187 18 4200 .
73 4132 184 4196 cunque
201 4143 236 4184 ex
254 4119 313 4180 illis
331 4105 525 4192 monasticam
549 4127 640 4190 vitam
666 4124 807 4208 elegerit,
838 4129 926 4192 liceat
952 4129 981 4190 ei
1006 4123 1172 4191 honorifice

17 4207 19 4268 l
73 4204 165 4270 vivere
184 4215 238 4277 sub
259 4213 432 4276 defensione
451 4217 549 4280 fratris
567 4219 614 4282 sui
632 4218 665 4280 in
685 4219 767 4289 cuius
785 4242 888 4304 regno
907 4222 1016 4302 degere
1035 4214 1171 4280 voluerit

76 4295 155 4370 Quae
174 4321 272 4370 eutem
290 4307 366 4368 iuste
386 4320 416 4368 et
434 4310 650 4376 rationabiliter
669 4335 686 4374 ι
705 4316 859 4398 condigno
876 4331 940 4376 mro
953 4309 990 4370 ed
1001 4309 1170 4394 coniugium

77 4397 197 4466 quaesita
216 4399 315 4475 suerit,
336 4412 366 4465 et
385 4401 413 4464 ei
423 4403 595 4492 coniugalis
614 4407 673 4472 uita
692 4407 852 4488 placuerit,
876 4423 939 4468 uon
958 4402 988 4466 ei
1007 4402 1171 4490 denegeuru
