2890 5092
806 459 895 529 286

299 627 435 688 adrcarra
447 617 500 704 Η)
518 623 596 696 XX.;
620 624 650 682 in
672 641 706 682 ea
725 642 797 682 vcro
817 624 948 698 ratione,
972 636 1004 684 ut
1023 623 1053 684 id
1072 625 1185 704 ipsum,
1205 624 1288 705 quod
1307 627 1397 687 tradi-

298 719 355 795 dit,
380 699 482 780 diebus
501 717 577 779 vitae
598 735 667 775 suae
686 716 808 791 babeat,
827 716 858 776 in
878 717 1109 796 precariamlll).
1153 718 1335 777 Motcwiuus
1347 723 1395 798 rs)

242 847 246 858 ι
297 825 328 874 et
353 833 425 872 uxor
450 811 511 872 eius
530 809 661 869 similiter
679 809 864 870 tradiderunt
882 810 919 868 ad
938 809 1031 889 ipsum
1051 811 1259 871 monasterium
1280 811 1394 872 invilla

296 904 458 965 Hessihain
482 904 514 962 in
538 903 604 994 ipso
629 921 706 984 pago
738 923 803 962 cum
834 923 899 963 casa
926 901 1103 963 dominicata
1132 922 1249 963 mansos
1277 905 1394 964 vestitos

296 999 415 1060 serviles
435 997 488 1056 VI.
509 995 545 1056 de
565 995 656 1056 vineis
676 993 803 1076 picturas
823 995 859 1054 V.
880 996 917 1055 de
936 1006 1019 1074 prata
1045 997 1082 1056 ad
1109 996 1241 1056 carradas
1260 995 1338 1070 XL.;
1366 1009 1393 1057 et

297 1104 435 1153 econtra
459 1098 635 1168 receperunt
659 1087 690 1146 iu
716 1087 777 1166 ipsa
802 1086 869 1150 villa
895 1109 960 1147 cum
987 1109 1051 1148 casa
1076 1087 1255 1148 dominicata
1282 1111 1392 1150 mansus

294 1185 416 1246 vestitos
442 1183 561 1247 serviles
581 1171 635 1240 v'1.
660 1179 808 1242 devincis
833 1180 961 1270 picturas
981 1183 1051 1241 vn.
1080 1182 1118 1242 de
1138 1194 1222 1264 prata
1243 1183 1279 1242 ad
1301 1203 1391 1242 carra-

297 1277 460 1429 dasliiribb
485 1365 574 1427 babet
592 1365 623 1426 iu
643 1366 708 1446 ipsu
728 1387 806 1448 pago
826 1369 960 1430 similiter
979 1369 1010 1428 in
1029 1369 1191 1450 precariam
1205 1372 1258 1448 Η)
1279 1370 1391 1431 invilla

199 1456 203 1472 ”
294 1465 345 1526 illa
363 1483 494 1523 mansum
513 1461 648 1522 vestitum
668 1460 692 1518 I.
712 1459 831 1522 serviles
852 1461 937 1522 absos
958 1463 998 1521 Il.
1019 1463 1055 1522 dc
1074 1463 1159 1526 vinea
1178 1463 1294 1544 pictura
1305 1464 1339 1540 1.‚
1357 1465 1388 1523 de

294 1569 376 1640 prata
397 1559 433 1616 ad
453 1555 585 1616 carradas
604 1552 668 1612 XX.
690 1553 887 1615 diebusvitae
907 1575 985 1616 suae.

351 1648 495 1710 Birniboh
521 1646 675 1727 presbyter
699 1645 819 1705 tradidit
844 1650 880 1707 ad
906 1649 1000 1728 ipsum
1025 1647 1249 1723 monasterium,
1280 1647 1388 1727 inipso

293 1765 372 1827 pago
393 1744 424 1802 iu
444 1742 510 1802 vico
530 1738 749 1811 Franconadal‚
782 1740 935 1802 ecclesiam
955 1743 978 1800 1.
1000 1752 1029 1800 et
1049 1762 1112 1800 cum
1134 1761 1200 1800 casa
1219 1740 1388 1802 dominicata

159 1819 161 1827 l
258 1903 259 1914 p
293 1857 409 1897 mansos
428 1834 548 1895 vestitos
569 1821 685 1892 serviles
706 1831 775 1889 VII.
796 1833 831 1892 de
851 1833 943 1894 vineis
963 1833 1090 1914 picturas
1110 1833 1166 1892 ΙΙΙ.
1196 1835 1231 1894 de
1256 1845 1337 1914 prata
1355 1832 1386 1892 ad

258 1917 260 1926 ¹
294 1931 426 1990 carradas
445 1929 508 1986 XX.
529 1935 560 1986 et
579 1945 594 1984 e
616 1914 719 1983 coirtra
738 1927 852 2006 recepit
872 1927 903 1986 in
923 1927 987 2008 ipso
1008 1947 1098 2009 pago,
1121 1926 1239 1987 invilla
1259 1927 1386 2008 Marisga‚

292 2041 408 2082 mansos
427 2019 545 2081 serviles
565 2015 651 2078 absos
671 2019 727 2076 111.
749 2019 784 2078 de
804 2019 897 2080 vineis
917 2021 1031 2100 pictura
1051 2021 1074 2078 1.
1102 2019 1139 2079 de
1165 2031 1250 2098 prata
1274 2021 1310 2080 ad
1329 2041 1385 2080 car·
1428 2073 1429 2092 ,

201 2133 205 2158 ¹
291 2117 376 2186 radas
396 2115 460 2172 XX.
500 2109 642 2170 Similiter
664 2111 785 2171 tradidit
811 2111 977 2175 Gumuldus
1002 2114 1039 2174 ad
1063 2113 1157 2192 ipsum
1180 2113 1381 2172 monasterium
1428 2103 1429 2164 l

203 2209 205 2218 ‘
292 2209 323 2268 iu
344 2208 409 2288 ipso
430 2227 508 2288 pago
529 2205 559 2264 in
579 2204 647 2266 villa
667 2193 900 2286 nuucupatall)
920 2206 1024 2281 Vnica,
1045 2227 1110 2268 cum
1131 2225 1195 2265 casa
1216 2206 1383 2266 dominicata

292 2321 408 2362 mansos
434 2295 553 2386 sxe'rviles
576 2298 696 2360 vestitos
716 2301 753 2358 V.
780 2300 816 2359 de
840 2299 933 2359 vincis
957 2299 1084 2380 picturas
1104 2300 1160 2358 ΙΙΙ.
1187 2300 1223 2358 de
1249 2311 1328 2379 prata
1351 2299 1383 2357 ad

294 2395 425 2457 carradas
445 2394 525 2469 XX,
545 2404 575 2452 et
595 2411 611 2452 e
632 2403 735 2452 contra
760 2393 875 2472 recepit
899 2393 929 2450 in
957 2392 1019 2472 ipsa
1039 2393 1107 2452 villa
1128 2413 1192 2452 cum
1214 2411 1278 2452 casa
1298 2393 1382 2452 dumi-

292 2490 388 2549 uicata
407 2507 523 2546 mansos
543 2484 665 2544 vestitos
685 2484 803 2546 serviles
824 2485 876 2544 IV.
898 2485 934 2545 de
954 2485 1046 2548 vineis
1066 2486 1192 2566 picturas
1209 2487 1250 2545 ΙΙ.
1282 2485 1382 2545 Graul-
1427 2551 1428 2560 χ

292 2581 338 2642 l'us
358 2579 480 2641 clericus
499 2575 620 2638 tradidit
638 2578 674 2638 ad
694 2577 787 2656 ipsum
803 2579 1012 2638 monasterium
1032 2579 1062 2637 in
1082 2579 1146 2659 ipso
1167 2600 1256 2662 pago,
1275 2579 1381 2638 invilla

291 2675 342 2735 illa
372 2695 437 2734 curn
461 2693 524 2732 casa
552 2670 728 2731 dominicata
752 2691 868 2732 mansos
895 2671 1015 2732 vestitos
1035 2672 1152 2732 serviles
1172 2673 1224 2730 lv.
1246 2672 1382 2734 devincis

291 2769 418 2847 picturas
438 2765 478 2822 ll.
519 2762 658 2822 Graollus
679 2763 801 2823 clericus
820 2763 941 2823 tradidit
961 2765 997 2824 ad
1019 2764 1113 2844 ipsum
1132 2766 1337 2827 monasterium
1355 2767 1382 2823 iu

291 2859 357 2938 ipso
378 2877 472 2938 pago,
493 2854 612 2916 invilla
633 2875 698 2913 curu
719 2875 783 2914 casa
797 2855 978 2916 ‘dominicata
999 2876 1114 2917 mansos
1134 2859 1253 2918 vestitos
1272 2859 1381 2918 serviles
1426 2867 1427 2878 ¹

291 2953 329 3010 V.
354 2949 397 3010 de*
415 2947 507 3010 vineis
533 2947 660 3027 picturas
680 2947 733 3005 IV.
759 2959 789 3007 et
815 2969 831 3009 e
856 2961 960 3010 contra
984 2950 1092 3028 recipit
1115 2950 1146 3008 in
1170 2950 1235 3030 ipso
1261 2971 1334 3033 pago
1355 2951 1381 3010 iu

283 3043 359 3106 vitta
385 3063 452 3104 cum
477 3061 542 3102 casa
567 3041 744 3102 dominicata
771 3063 886 3102 mansos
906 3042 1027 3102 vestitos
1046 3042 1166 3104 serviles
1186 3045 1222 3105 V.
1243 3043 1382 3106 devincis

278 3136 418 3220 picturas
439 3134 568 3216 quinque
580 3136 650 3212 ⁷⁷);
668 3145 698 3195 et
716 3135 757 3194 sic
778 3146 876 3196 cetera
895 3134 1030 3196 breviare
1050 3135 1149 3196 debes.

407 3243 413 3254 ·
533 3237 540 3264 l

290 3309 343 3370 De
367 3306 647 3381 beneficiariis,
678 3306 738 3386 qui
765 3306 810 3368 de
838 3305 964 3368 codem
988 3308 1216 3368 monasterio
1243 3305 1381 3368 benesi-
1425 3345 1426 3366 1

611 3399 702 3460 cium
722 3398 863 3460 babere
887 3400 1071 3461 videntur.
1425 3383 1426 3392 ἵ

347 3508 447 3569 Habet
470 3508 641 3568 Hunbertus
668 3510 699 3568 in
730 3509 905 3570 beneficium
936 3509 968 3569 in
998 3531 1077 3591 pago
1102 3512 1327 3586 Vuormacinse‚
1358 3511 1382 3568 iu

191 3665 194 3676 .
291 3605 359 3666 villa
391 3602 621 3682 nuncupata⁷⁸)
646 3601 860 3675 Vuancsheim,
891 3625 956 3663 cum
987 3625 1050 3663 casa
1076 3603 1251 3665 dominicata
1275 3625 1382 3666 mansos
1424 3611 1425 3614 ’

217 3752 236 3777 ,ἡ
291 3697 410 3768 vestitos
437 3693 554 3786 serviles
575 3693 628 3754 VI.
654 3693 818 3774 ingenuiles
844 3697 965 3757 vestitos
991 3698 1030 3756 II.
1059 3698 1144 3758 absos
1169 3699 1222 3756 IV.
1248 3700 1285 3760 de
1308 3709 1382 3779 prata

291 3793 327 3851 ad
348 3791 479 3849 carradas
499 3787 619 3848 XX.'dc
640 3787 732 3848 vineis
752 3788 877 3868 picturas
898 3791 950 3848 IV.
972 3799 1002 3850 et
1020 3791 1131 3850 silvanr
1146 3811 1340 3868 communem,
1359 3801 1383 3849 ct

230 3912 237 3928 ·
291 3885 323 3944 in
343 3881 406 3961 ipsa
426 3881 493 3938 villa
512 3881 602 3941 habet
620 3881 786 3944 Friduricus
806 3881 990 3942 beneficium,
1028 3883 1149 3943 Baldrib
1169 3884 1259 3944 habet
1278 3885 1382 3946 beucb·

290 3978 367 4040 ciurn
388 3975 418 4033 in
439 3973 503 4056 ipso
524 3993 601 4055 pago
622 3975 653 4033 in
673 3974 741 4034 villa
761 3980 989 4055 nuncupatall)
1009 3977 1069 4054 itta,
1092 4002 1157 4039 curu
1178 4001 1242 4040 casa
1263 3977 1382 4040 domiui·

290 4082 353 4131 cata
373 4085 489 4126 mansos
509 4063 640 4142 vestitos,
659 4068 776 4130 serviles
796 4071 832 4127 V.
853 4068 938 4129 absos
959 4071 1011 4129 IV.
1037 4073 1074 4131 de
1094 4085 1176 4154 prata
1196 4075 1232 4132 ad
1258 4072 1382 4132 carradas

217 4167 219 4174 '
288 4163 379 4222 XXX.
405 4161 441 4221 de
465 4159 558 4219 vineis
584 4160 709 4238 picturas
729 4163 766 4220 V.
791 4161 996 4242 mulinum⁸⁰)
1021 4165 1044 4222 1.
1072 4177 1102 4225 et
1126 4165 1227 4226 silvam
1257 4185 1381 4225 commu·
1422 4197 1423 4200 =

289 4276 367 4314 nem.
406 4251 505 4312 Habet
530 4250 694 4312 Gerbertus
719 4255 750 4312 iu
774 4255 838 4336 ipso
864 4277 942 4337 pago
967 4258 1091 4318 in'villa
1117 4259 1183 4334 itta,
1213 4258 1381 4318 beneficium

241 4405 245 4412 ,
292 4367 358 4406 cum
377 4366 441 4406 casa
463 4346 639 4406 dominicata
659 4365 774 4407 mansos
794 4349 912 4410 serviles
932 4350 1017 4412 absos
1037 4351 1149 4426 V.⁸¹);
1175 4354 1211 4413 de
1230 4351 1322 4415 vineis
1341 4348 1381 4428 pl-

279 4452 384 4504 ¹cturas
399 4439 436 4502 V.
464 4439 667 4521 Megiuburtus
686 4439 776 4504 babet
794 4441 825 4504 iu
844 4439 1020 4506 beneficium
1038 4445 1071 4507 in
1091 4446 1155 4526 ipso
1175 4465 1256 4528 pago
1275 4445 1307 4506 in
1322 4439 1380 4506 vitta
