<?xml version="1.0" encoding="UTF-8"?>
<!DOCTYPE html PUBLIC "-//W3C//DTD XHTML 1.0 Transitional//EN"
    "http://www.w3.org/TR/xhtml1/DTD/xhtml1-transitional.dtd">
<html xmlns="http://www.w3.org/1999/xhtml" xml:lang="en" lang="en">
 <head>
  <title>
</title>
<meta http-equiv="Content-Type" content="text/html;charset=utf-8" />
  <meta name='ocr-system' content='tesseract 3.04.00' />
  <meta name='ocr-capabilities' content='ocr_page ocr_carea ocr_par ocr_line ocrx_word'/>
</head>
<body>
  <div class='ocr_page' id='page_1' title='image "./lebenundwandelk00egingoog_0083.png"; bbox 0 0 2960 5094; ppageno 0'>
   <div class='ocr_carea' id='block_1_1' title="bbox 594 437 678 528">
    <p class='ocr_par' dir='ltr' id='par_1_1' title="bbox 594 437 678 528">
     <span class='ocr_line' id='line_1_1' title="bbox 594 437 678 528; baseline 0.071 -14"><span class='ocrx_word' id='word_1_1' title='bbox 594 437 678 528; x_wconf 68' lang='lat'>¹60.</span> 
     </span>
    </p>
   </div>
   <div class='ocr_carea' id='block_1_2' title="bbox 30 597 1311 3460">
    <p class='ocr_par' dir='ltr' id='par_1_2' title="bbox 84 597 1183 776">
     <span class='ocr_line' id='line_1_2' title="bbox 84 597 1183 683; baseline 0.01 -24"><span class='ocrx_word' id='word_1_2' title='bbox 84 599 180 661; x_wconf 88' lang='lat' dir='ltr'>Petro</span> <span class='ocrx_word' id='word_1_3' title='bbox 200 597 347 683; x_wconf 85' lang='lat' dir='ltr'>clavigero</span> <span class='ocrx_word' id='word_1_4' title='bbox 367 599 451 682; x_wconf 89' lang='lat' dir='ltr'>regni</span> <span class='ocrx_word' id='word_1_5' title='bbox 471 598 619 660; x_wconf 89' lang='lat' dir='ltr'>caelorum</span> <span class='ocrx_word' id='word_1_6' title='bbox 637 602 847 682; x_wconf 79' lang='lat' dir='ltr'>praesidiante3</span> <span class='ocrx_word' id='word_1_7' title='bbox 874 623 930 683; x_wconf 89' lang='lat' dir='ltr'>pro</span> <span class='ocrx_word' id='word_1_8' title='bbox 947 605 1036 666; x_wconf 80' lang='lat' dir='ltr'>vestrl</span> <span class='ocrx_word' id='word_1_9' title='bbox 1054 606 1183 670; x_wconf 70' lang='lat' dir='ltr'>mulctis·</span> 
     </span>
     <span class='ocr_line' id='line_1_3' title="bbox 84 691 661 776; baseline -0.005 -21"><span class='ocrx_word' id='word_1_10' title='bbox 84 694 149 756; x_wconf 86' lang='lat' dir='ltr'>simi</span> <span class='ocrx_word' id='word_1_11' title='bbox 168 695 254 776; x_wconf 87' lang='lat' dir='ltr'>regni</span> <span class='ocrx_word' id='word_1_12' title='bbox 272 694 304 752; x_wconf 90' lang='lat' dir='ltr'>in</span> <span class='ocrx_word' id='word_1_13' title='bbox 323 691 477 773; x_wconf 82' lang='lat' dir='ltr'><strong>triumphis</strong></span> <span class='ocrx_word' id='word_1_14' title='bbox 497 692 661 754; x_wconf 76' lang='lat' dir='ltr'>securitate.</span> 
     </span>
    </p>

    <p class='ocr_par' dir='ltr' id='par_1_3' title="bbox 80 781 1281 1522">
     <span class='ocr_line' id='line_1_4' title="bbox 139 781 1181 872; baseline 0.006 -26"><span class='ocrx_word' id='word_1_15' title='bbox 139 786 237 847; x_wconf 86' lang='lat' dir='ltr'>Porro</span> <span class='ocrx_word' id='word_1_16' title='bbox 263 797 296 846; x_wconf 46' lang='lat' dir='ltr'>et*</span> <span class='ocrx_word' id='word_1_17' title='bbox 316 785 392 860; x_wconf 88' lang='lat' dir='ltr'>hoc,</span> <span class='ocrx_word' id='word_1_18' title='bbox 421 783 507 848; x_wconf 88' lang='lat' dir='ltr'>sicuti</span> <span class='ocrx_word' id='word_1_19' title='bbox 530 805 585 864; x_wconf 88' lang='lat' dir='ltr'>per</span> <span class='ocrx_word' id='word_1_20' title='bbox 611 804 642 844; x_wconf 90' lang='lat' dir='ltr'>se</span> <span class='ocrx_word' id='word_1_21' title='bbox 664 781 825 868; x_wconf 86' lang='lat' dir='ltr'>Gregorius</span> <span class='ocrx_word' id='word_1_22' title='bbox 845 784 1006 872; x_wconf 77' lang='lat' dir='ltr'>Presbyter</span> <span class='ocrx_word' id='word_1_23' title='bbox 1026 789 1181 871; x_wconf 76' lang='lat' dir='ltr'>Capuanus</span> 
     </span>
     <span class='ocr_line' id='line_1_5' title="bbox 83 867 1181 966; baseline 0.005 -28"><span class='ocrx_word' id='word_1_24' title='bbox 83 877 171 939; x_wconf 90' lang='lat' dir='ltr'>nobis</span> <span class='ocrx_word' id='word_1_25' title='bbox 196 879 328 939; x_wconf 87' lang='lat' dir='ltr'>innotuit</span> <span class='ocrx_word' id='word_1_26' title='bbox 354 877 392 937; x_wconf 89' lang='lat' dir='ltr'>de</span> <span class='ocrx_word' id='word_1_27' title='bbox 415 875 586 937; x_wconf 88' lang='lat' dir='ltr'>fidelissimis</span> <span class='ocrx_word' id='word_1_28' title='bbox 611 876 706 938; x_wconf 87' lang='lat' dir='ltr'><strong>Missis</strong></span> <span class='ocrx_word' id='word_1_29' title='bbox 729 880 845 958; x_wconf 79' lang='lat' dir='ltr'>vestris,</span> <span class='ocrx_word' id='word_1_30' title='bbox 872 867 985 942; x_wconf 82' lang='lat' dir='ltr'>scilicet</span> <span class='ocrx_word' id='word_1_31' title='bbox 1009 882 1181 966; x_wconf 87' lang='lat' dir='ltr'>Magenario</span> 
     </span>
     <span class='ocr_line' id='line_1_6' title="bbox 82 969 1182 1055; baseline 0.005 -25"><span class='ocrx_word' id='word_1_32' title='bbox 82 971 224 1053; x_wconf 89' lang='lat' dir='ltr'>religioso</span> <span class='ocrx_word' id='word_1_33' title='bbox 243 969 374 1046; x_wconf 81' lang='lat' dir='ltr'>Abbate,</span> <span class='ocrx_word' id='word_1_34' title='bbox 393 991 444 1030; x_wconf 89' lang='lat' dir='ltr'>seu</span> <span class='ocrx_word' id='word_1_35' title='bbox 462 969 587 1054; x_wconf 79' lang='lat' dir='ltr'>loseph,</span> <span class='ocrx_word' id='word_1_36' title='bbox 607 981 637 1030; x_wconf 88' lang='lat' dir='ltr'>et</span> <span class='ocrx_word' id='word_1_37' title='bbox 655 969 829 1034; x_wconf 89' lang='lat' dir='ltr'>Lieuderieo</span> <span class='ocrx_word' id='word_1_38' title='bbox 850 971 978 1052; x_wconf 75' lang='lat' dir='ltr'>Gemite,</span> <span class='ocrx_word' id='word_1_39' title='bbox 997 987 1086 1055; x_wconf 88' lang='lat' dir='ltr'>atque</span> <span class='ocrx_word' id='word_1_40' title='bbox 1102 975 1182 1036; x_wconf 85' lang='lat' dir='ltr'>Got-</span> 
     </span>
     <span class='ocr_line' id='line_1_7' title="bbox 81 1063 1281 1144; baseline 0.006 -21"><span class='ocrx_word' id='word_1_41' title='bbox 81 1075 217 1124; x_wconf 85' lang='lat' dir='ltr'>teramno</span> <span class='ocrx_word' id='word_1_42' title='bbox 238 1063 379 1140; x_wconf 90' lang='lat' dir='ltr'>Ostiario,</span> <span class='ocrx_word' id='word_1_43' title='bbox 399 1063 450 1143; x_wconf 90' lang='lat' dir='ltr'>qui</span> <span class='ocrx_word' id='word_1_44' title='bbox 469 1083 485 1122; x_wconf 92' lang='lat' dir='ltr'>a</span> <span class='ocrx_word' id='word_1_45' title='bbox 503 1063 678 1124; x_wconf 84' lang='lat' dir='ltr'>Benevento</span> <span class='ocrx_word' id='word_1_46' title='bbox 698 1067 808 1126; x_wconf 86' lang='lat' dir='ltr'>reversi</span> <span class='ocrx_word' id='word_1_47' title='bbox 821 1065 971 1144; x_wconf 82' lang='lat' dir='ltr'>spoletum</span> <span class='ocrx_word' id='word_1_48' title='bbox 990 1067 1059 1130; x_wconf 88' lang='lat' dir='ltr'>ideo</span> <span class='ocrx_word' id='word_1_49' title='bbox 1079 1068 1183 1130; x_wconf 78' lang='lat' dir='ltr'>exinde</span> <span class='ocrx_word' id='word_1_50' title='bbox 1276 1129 1281 1142; x_wconf 66' lang='grc'>,</span> 
     </span>
     <span class='ocr_line' id='line_1_8' title="bbox 80 1155 1183 1243; baseline 0.005 -28"><span class='ocrx_word' id='word_1_51' title='bbox 80 1156 241 1238; x_wconf 82' lang='lat' dir='ltr'>sugerunt,</span> <span class='ocrx_word' id='word_1_52' title='bbox 266 1177 303 1216; x_wconf 90' lang='lat' dir='ltr'>eo</span> <span class='ocrx_word' id='word_1_53' title='bbox 325 1157 404 1236; x_wconf 90' lang='lat' dir='ltr'>quod</span> <span class='ocrx_word' id='word_1_54' title='bbox 422 1155 482 1218; x_wconf 87' lang='lat' dir='ltr'>tale</span> <span class='ocrx_word' id='word_1_55' title='bbox 501 1155 655 1218; x_wconf 88' lang='lat' dir='ltr'>consilium</span> <span class='ocrx_word' id='word_1_56' title='bbox 674 1157 879 1222; x_wconf 82' lang='lat' dir='ltr'>Beneventani</span> <span class='ocrx_word' id='word_1_57' title='bbox 897 1181 961 1220; x_wconf 87' lang='lat' dir='ltr'>cum</span> <span class='ocrx_word' id='word_1_58' title='bbox 979 1159 1183 1243; x_wconf 79' lang='lat' dir='ltr'>Neapolitanis</span> 
     </span>
     <span class='ocr_line' id='line_1_9' title="bbox 81 1247 1182 1328; baseline 0.004 -19"><span class='ocrx_word' id='word_1_59' title='bbox 81 1260 111 1309; x_wconf 91' lang='lat' dir='ltr'>et</span> <span class='ocrx_word' id='word_1_60' title='bbox 132 1248 317 1308; x_wconf 78' lang='lat' dir='ltr'>surrentinis</span> <span class='ocrx_word' id='word_1_61' title='bbox 336 1260 423 1328; x_wconf 89' lang='lat' dir='ltr'>atque</span> <span class='ocrx_word' id='word_1_62' title='bbox 441 1247 623 1310; x_wconf 81' lang='lat' dir='ltr'>Amalfitanis</span> <span class='ocrx_word' id='word_1_63' title='bbox 643 1248 826 1324; x_wconf 83' lang='lat' dir='ltr'>hahuerunt,</span> <span class='ocrx_word' id='word_1_64' title='bbox 849 1262 883 1310; x_wconf 91' lang='lat' dir='ltr'>ut</span> <span class='ocrx_word' id='word_1_65' title='bbox 900 1251 973 1314; x_wconf 87' lang='lat' dir='ltr'>foris</span> <span class='ocrx_word' id='word_1_66' title='bbox 992 1255 1107 1317; x_wconf 81' lang='lat' dir='ltr'>civitate</span> <span class='ocrx_word' id='word_1_67' title='bbox 1126 1252 1182 1313; x_wconf 86' lang='lat' dir='ltr'>Sa-</span> 
     </span>
     <span class='ocr_line' id='line_1_10' title="bbox 82 1339 1182 1426; baseline 0.005 -27"><span class='ocrx_word' id='word_1_68' title='bbox 82 1340 234 1409; x_wconf 59' lang='lat' dir='ltr'>lernitana,</span> <span class='ocrx_word' id='word_1_69' title='bbox 249 1339 326 1402; x_wconf 87' lang='lat' dir='ltr'>iuxta</span> <span class='ocrx_word' id='word_1_70' title='bbox 344 1363 424 1426; x_wconf 82' lang='lat' dir='ltr'>mare</span> <span class='ocrx_word' id='word_1_71' title='bbox 442 1353 556 1404; x_wconf 80' lang='lat' dir='ltr'>vestros</span> <span class='ocrx_word' id='word_1_72' title='bbox 574 1341 682 1404; x_wconf 87' lang='lat' dir='ltr'><strong>Missos</strong></span> <span class='ocrx_word' id='word_1_73' title='bbox 699 1341 848 1422; x_wconf 87' lang='lat' dir='ltr'>applicare</span> <span class='ocrx_word' id='word_1_74' title='bbox 872 1342 1017 1422; x_wconf 85' lang='lat' dir='ltr'>lacerent,</span> <span class='ocrx_word' id='word_1_75' title='bbox 1044 1357 1075 1407; x_wconf 89' lang='lat' dir='ltr'>et</span> <span class='ocrx_word' id='word_1_76' title='bbox 1093 1355 1182 1406; x_wconf 87' lang='lat' dir='ltr'>nocte</span> 
     </span>
     <span class='ocr_line' id='line_1_11' title="bbox 84 1433 1181 1522; baseline 0.005 -30"><span class='ocrx_word' id='word_1_77' title='bbox 84 1433 246 1513; x_wconf 88' lang='lat' dir='ltr'>repentino</span> <span class='ocrx_word' id='word_1_78' title='bbox 267 1455 351 1496; x_wconf 86' lang='lat' dir='ltr'>cursu</span> <span class='ocrx_word' id='word_1_79' title='bbox 370 1455 458 1518; x_wconf 89' lang='lat' dir='ltr'>super</span> <span class='ocrx_word' id='word_1_80' title='bbox 476 1455 529 1496; x_wconf 84' lang='lat' dir='ltr'>eos</span> <span class='ocrx_word' id='word_1_81' title='bbox 548 1434 888 1522; x_wconf 77' lang='lat' dir='ltr'>ruentesllenerentani,</span> <span class='ocrx_word' id='word_1_82' title='bbox 907 1436 1018 1516; x_wconf 88' lang='lat' dir='ltr'>pariter</span> <span class='ocrx_word' id='word_1_83' title='bbox 1029 1459 1093 1498; x_wconf 90' lang='lat' dir='ltr'>cum</span> <span class='ocrx_word' id='word_1_84' title='bbox 1103 1439 1181 1498; x_wconf 88' lang='lat' dir='ltr'>Nea-</span> 
     </span>
    </p>

    <p class='ocr_par' dir='ltr' id='par_1_4' title="bbox 28 1515 1311 2068">
     <span class='ocr_line' id='line_1_12' title="bbox 82 1515 1182 1610; baseline 0.007 -27.626"><span class='ocrx_word' id='word_1_85' title='bbox 82 1525 234 1606; x_wconf 85' lang='lat' dir='ltr'>politanis,</span> <span class='ocrx_word' id='word_1_86' title='bbox 251 1527 320 1588; x_wconf 91' lang='lat' dir='ltr'><strong>illos</strong></span> <span class='ocrx_word' id='word_1_87' title='bbox 340 1529 554 1599; x_wconf 84' lang='lat' dir='ltr'>interlicereut;</span> <span class='ocrx_word' id='word_1_88' title='bbox 575 1538 605 1586; x_wconf 91' lang='lat' dir='ltr'>et</span> <span class='ocrx_word' id='word_1_89' title='bbox 623 1515 811 1606; x_wconf 89' lang='lat' dir='ltr'>postmodum</span> <span class='ocrx_word' id='word_1_90' title='bbox 829 1529 1001 1610; x_wconf 78' lang='lat' dir='ltr'>proferrent</span> <span class='ocrx_word' id='word_1_91' title='bbox 1020 1529 1087 1608; x_wconf 92' lang='lat' dir='ltr'>quia</span> <span class='ocrx_word' id='word_1_92' title='bbox 1104 1530 1182 1590; x_wconf 88' lang='lat' dir='ltr'>Nea-</span> 
     </span>
     <span class='ocr_line' id='line_1_13' title="bbox 83 1619 1251 1702; baseline 0.003 -24"><span class='ocrx_word' id='word_1_93' title='bbox 83 1619 226 1699; x_wconf 83' lang='lat' dir='ltr'>politani,</span> <span class='ocrx_word' id='word_1_94' title='bbox 252 1621 334 1699; x_wconf 81' lang='lat' dir='ltr'><strong>quasi</strong></span> <span class='ocrx_word' id='word_1_95' title='bbox 352 1639 441 1701; x_wconf 88' lang='lat' dir='ltr'>super</span> <span class='ocrx_word' id='word_1_96' title='bbox 459 1621 539 1701; x_wconf 91' lang='lat' dir='ltr'><strong>ipsos</strong></span> <span class='ocrx_word' id='word_1_97' title='bbox 556 1621 784 1680; x_wconf 82' lang='lat' dir='ltr'>Beneventanos</span> <span class='ocrx_word' id='word_1_98' title='bbox 803 1620 972 1697; x_wconf 87' lang='lat' dir='ltr'>venientes,</span> <span class='ocrx_word' id='word_1_99' title='bbox 990 1621 1184 1682; x_wconf 76' lang='lat' dir='ltr'>existimantes</span> <span class='ocrx_word' id='word_1_100' title='bbox 1247 1695 1251 1702; x_wconf 25' lang='grc' dir='ltr'>ι</span> 
     </span>
     <span class='ocr_line' id='line_1_14' title="bbox 85 1709 1271 1795; baseline 0.002 -23"><span class='ocrx_word' id='word_1_101' title='bbox 85 1731 148 1772; x_wconf 90' lang='lat' dir='ltr'>esse</span> <span class='ocrx_word' id='word_1_102' title='bbox 167 1712 406 1791; x_wconf 77' lang='lat' dir='ltr'>Beneventanus,</span> <span class='ocrx_word' id='word_1_103' title='bbox 427 1734 477 1774; x_wconf 92' lang='lat' dir='ltr'>eos</span> <span class='ocrx_word' id='word_1_104' title='bbox 498 1712 572 1773; x_wconf 88' lang='lat' dir='ltr'>clam</span> <span class='ocrx_word' id='word_1_105' title='bbox 592 1712 763 1774; x_wconf 84' lang='lat' dir='ltr'>occiderint</span> <span class='ocrx_word' id='word_1_106' title='bbox 791 1713 834 1773; x_wconf 86' lang='lat' dir='ltr'>Et</span> <span class='ocrx_word' id='word_1_107' title='bbox 850 1715 976 1795; x_wconf 84' lang='lat' dir='ltr'>praefati</span> <span class='ocrx_word' id='word_1_108' title='bbox 995 1713 1077 1775; x_wconf 86' lang='lat' dir='ltr'><strong>Missi</strong></span> <span class='ocrx_word' id='word_1_109' title='bbox 1096 1709 1190 1776; x_wconf 79' lang='lat' dir='ltr'>vestri</span> <span class='ocrx_word' id='word_1_110' title='bbox 1266 1771 1271 1789; x_wconf 54' lang='lat'>,</span> 
     </span>
     <span class='ocr_line' id='line_1_15' title="bbox 84 1805 1184 1886; baseline -0.007 -22"><span class='ocrx_word' id='word_1_111' title='bbox 84 1805 157 1866; x_wconf 87' lang='lat' dir='ltr'>haec</span> <span class='ocrx_word' id='word_1_112' title='bbox 177 1814 403 1886; x_wconf 83' lang='lat' dir='ltr'>cognoscentes,</span> <span class='ocrx_word' id='word_1_113' title='bbox 422 1805 518 1867; x_wconf 86' lang='lat' dir='ltr'>coacti</span> <span class='ocrx_word' id='word_1_114' title='bbox 537 1805 843 1886; x_wconf 86' lang='lat' dir='ltr'>fugamarripuerunt,</span> <span class='ocrx_word' id='word_1_115' title='bbox 861 1817 986 1870; x_wconf 87' lang='lat' dir='ltr'>vestram</span> <span class='ocrx_word' id='word_1_116' title='bbox 999 1825 1184 1886; x_wconf 72' lang='lat' dir='ltr'>couqusren.</span> 
     </span>
     <span class='ocr_line' id='line_1_16' title="bbox 84 1897 1184 1980; baseline 0.001 -24"><span class='ocrx_word' id='word_1_117' title='bbox 84 1907 127 1958; x_wconf 91' lang='lat' dir='ltr'>tes</span> <span class='ocrx_word' id='word_1_118' title='bbox 146 1898 278 1980; x_wconf 81' lang='lat' dir='ltr'>regalem</span> <span class='ocrx_word' id='word_1_119' title='bbox 296 1897 471 1960; x_wconf 81' lang='lat' dir='ltr'>illusionem.</span> <span class='ocrx_word' id='word_1_120' title='bbox 516 1898 609 1974; x_wconf 88' lang='lat' dir='ltr'>Quod</span> <span class='ocrx_word' id='word_1_121' title='bbox 628 1897 652 1958; x_wconf 93' lang='lat' dir='ltr'><strong>si</strong></span> <span class='ocrx_word' id='word_1_122' title='bbox 671 1897 753 1958; x_wconf 87' lang='lat' dir='ltr'><strong>Missi</strong></span> <span class='ocrx_word' id='word_1_123' title='bbox 771 1899 860 1960; x_wconf 82' lang='lat' dir='ltr'>vestri</span> <span class='ocrx_word' id='word_1_124' title='bbox 878 1898 1005 1963; x_wconf 84' lang='lat' dir='ltr'>Saleruo</span> <span class='ocrx_word' id='word_1_125' title='bbox 1025 1899 1184 1980; x_wconf 85' lang='lat' dir='ltr'>applicuis-</span> 
     </span>
     <span class='ocr_line' id='line_1_17' title="bbox 82 1989 1311 2068; baseline 0 -18"><span class='ocrx_word' id='word_1_126' title='bbox 82 2001 167 2064; x_wconf 90' lang='lat' dir='ltr'>sent,</span> <span class='ocrx_word' id='word_1_127' title='bbox 194 1989 388 2068; x_wconf 81' lang='lat' dir='ltr'>Neapolitani</span> <span class='ocrx_word' id='word_1_128' title='bbox 413 2012 479 2050; x_wconf 87' lang='lat' dir='ltr'>cum</span> <span class='ocrx_word' id='word_1_129' title='bbox 498 1990 677 2050; x_wconf 76' lang='lat' dir='ltr'>Amalfitauis</span> <span class='ocrx_word' id='word_1_130' title='bbox 697 2001 728 2050; x_wconf 87' lang='lat' dir='ltr'>et</span> <span class='ocrx_word' id='word_1_131' title='bbox 746 1990 931 2054; x_wconf 88' lang='lat' dir='ltr'>Surrentiuis</span> <span class='ocrx_word' id='word_1_132' title='bbox 947 1993 1050 2054; x_wconf 83' lang='lat' dir='ltr'>armati</span> <span class='ocrx_word' id='word_1_133' title='bbox 1069 1990 1111 2050; x_wconf 86' lang='lat' dir='ltr'>ibi</span> <span class='ocrx_word' id='word_1_134' title='bbox 1130 1989 1205 2052; x_wconf 56' lang='lat' dir='ltr'>alu,</span> <span class='ocrx_word' id='word_1_135' title='bbox 1307 1993 1311 2002; x_wconf 86' lang='lat'>&#39;</span> 
     </span>
    </p>

    <p class='ocr_par' dir='ltr' id='par_1_5' title="bbox 33 2080 1208 2995">
     <span class='ocr_line' id='line_1_18' title="bbox 33 2080 1184 2166; baseline 0.002 -24"><span class='ocrx_word' id='word_1_136' title='bbox 33 2089 35 2096; x_wconf 80' lang='grc'>’</span> <span class='ocrx_word' id='word_1_137' title='bbox 84 2081 184 2144; x_wconf 86' lang='lat' dir='ltr'>sconsi</span> <span class='ocrx_word' id='word_1_138' title='bbox 203 2081 336 2155; x_wconf 83' lang='lat' dir='ltr'>luerunt,</span> <span class='ocrx_word' id='word_1_139' title='bbox 354 2092 388 2140; x_wconf 88' lang='lat' dir='ltr'>nt</span> <span class='ocrx_word' id='word_1_140' title='bbox 405 2080 554 2140; x_wconf 86' lang='lat' dir='ltr'>irruerent</span> <span class='ocrx_word' id='word_1_141' title='bbox 568 2103 634 2142; x_wconf 88' lang='lat' dir='ltr'>cum</span> <span class='ocrx_word' id='word_1_142' title='bbox 644 2083 860 2148; x_wconf 82' lang='lat' dir='ltr'>Beneventanis</span> <span class='ocrx_word' id='word_1_143' title='bbox 878 2105 967 2165; x_wconf 85' lang='lat' dir='ltr'>super</span> <span class='ocrx_word' id='word_1_144' title='bbox 983 2083 1065 2166; x_wconf 83' lang='lat' dir='ltr'>ipsos</span> <span class='ocrx_word' id='word_1_145' title='bbox 1079 2083 1184 2144; x_wconf 85' lang='lat' dir='ltr'><strong>Missos</strong></span> 
     </span>
     <span class='ocr_line' id='line_1_19' title="bbox 84 2171 1185 2251; baseline -0.002 -15"><span class='ocrx_word' id='word_1_146' title='bbox 84 2185 207 2250; x_wconf 70' lang='lat' dir='ltr'>vermos,</span> <span class='ocrx_word' id='word_1_147' title='bbox 226 2183 260 2232; x_wconf 86' lang='lat' dir='ltr'>ut</span> <span class='ocrx_word' id='word_1_148' title='bbox 273 2171 461 2233; x_wconf 78' lang='lat' dir='ltr'>occiderents</span> <span class='ocrx_word' id='word_1_149' title='bbox 479 2171 561 2251; x_wconf 85' lang='lat' dir='ltr'>quod</span> <span class='ocrx_word' id='word_1_150' title='bbox 570 2187 677 2251; x_wconf 85' lang='lat' dir='ltr'>nempe</span> <span class='ocrx_word' id='word_1_151' title='bbox 697 2176 770 2232; x_wconf 84' lang='lat' dir='ltr'>certi</span> <span class='ocrx_word' id='word_1_152' title='bbox 787 2175 858 2236; x_wconf 83' lang='lat' dir='ltr'>faeti</span> <span class='ocrx_word' id='word_1_153' title='bbox 876 2198 981 2237; x_wconf 86' lang='lat' dir='ltr'><strong>sumus.</strong></span> <span class='ocrx_word' id='word_1_154' title='bbox 1011 2175 1071 2236; x_wconf 85' lang='lat' dir='ltr'>Sed</span> <span class='ocrx_word' id='word_1_155' title='bbox 1086 2174 1185 2235; x_wconf 83' lang='lat' dir='ltr'>omnia</span> 
     </span>
     <span class='ocr_line' id='line_1_20' title="bbox 87 2255 1208 2346; baseline -0.003 -17"><span class='ocrx_word' id='word_1_156' title='bbox 87 2287 190 2329; x_wconf 85' lang='lat' dir='ltr'>eornm</span> <span class='ocrx_word' id='word_1_157' title='bbox 208 2286 337 2346; x_wconf 85' lang='lat' dir='ltr'>nequam</span> <span class='ocrx_word' id='word_1_158' title='bbox 356 2263 479 2326; x_wconf 88' lang='lat' dir='ltr'>consilia</span> <span class='ocrx_word' id='word_1_159' title='bbox 503 2264 541 2324; x_wconf 88' lang='lat' dir='ltr'>ad</span> <span class='ocrx_word' id='word_1_160' title='bbox 563 2263 688 2322; x_wconf 87' lang='lat' dir='ltr'>nihilum</span> <span class='ocrx_word' id='word_1_161' title='bbox 711 2264 899 2346; x_wconf 86' lang='lat' dir='ltr'>rediguntur,</span> <span class='ocrx_word' id='word_1_162' title='bbox 930 2287 967 2328; x_wconf 81' lang='lat' dir='ltr'>eo</span> <span class='ocrx_word' id='word_1_163' title='bbox 991 2269 1072 2346; x_wconf 90' lang='lat' dir='ltr'>quod</span> <span class='ocrx_word' id='word_1_164' title='bbox 1094 2255 1208 2326; x_wconf 55' lang='lat' dir='ltr'>talem⁸</span> 
     </span>
     <span class='ocr_line' id='line_1_21' title="bbox 87 2355 1186 2439; baseline -0.004 -19"><span class='ocrx_word' id='word_1_165' title='bbox 87 2359 292 2439; x_wconf 82' lang='lat' dir='ltr'>amplissimam</span> <span class='ocrx_word' id='word_1_166' title='bbox 316 2357 419 2432; x_wconf 81' lang='lat' dir='ltr'>fidem,</span> <span class='ocrx_word' id='word_1_167' title='bbox 449 2367 538 2436; x_wconf 83' lang='lat' dir='ltr'>atque</span> <span class='ocrx_word' id='word_1_168' title='bbox 563 2375 598 2416; x_wconf 87' lang='lat' dir='ltr'>ex</span> <span class='ocrx_word' id='word_1_169' title='bbox 622 2355 727 2416; x_wconf 90' lang='lat' dir='ltr'>intimo</span> <span class='ocrx_word' id='word_1_170' title='bbox 753 2355 844 2416; x_wconf 90' lang='lat' dir='ltr'>eorde</span> <span class='ocrx_word' id='word_1_171' title='bbox 868 2355 1034 2418; x_wconf 78' lang='lat' dir='ltr'>dilectionis</span> <span class='ocrx_word' id='word_1_172' title='bbox 1057 2376 1186 2417; x_wconf 88' lang='lat' dir='ltr'>amorem</span> 
     </span>
     <span class='ocr_line' id='line_1_22' title="bbox 90 2447 1188 2534; baseline -0.003 -22"><span class='ocrx_word' id='word_1_173' title='bbox 90 2473 162 2534; x_wconf 85' lang='lat' dir='ltr'>erga</span> <span class='ocrx_word' id='word_1_174' title='bbox 180 2452 216 2511; x_wconf 91' lang='lat' dir='ltr'>B.</span> <span class='ocrx_word' id='word_1_175' title='bbox 235 2451 355 2512; x_wconf 87' lang='lat' dir='ltr'>Petrum</span> <span class='ocrx_word' id='word_1_176' title='bbox 373 2449 539 2530; x_wconf 83' lang='lat' dir='ltr'>principem</span> <span class='ocrx_word' id='word_1_177' title='bbox 557 2449 771 2530; x_wconf 82' lang='lat' dir='ltr'><strong>Apostolorum</strong></span> <span class='ocrx_word' id='word_1_178' title='bbox 792 2460 822 2508; x_wconf 90' lang='lat' dir='ltr'>et</span> <span class='ocrx_word' id='word_1_179' title='bbox 841 2469 896 2508; x_wconf 90' lang='lat' dir='ltr'>nos</span> <span class='ocrx_word' id='word_1_180' title='bbox 914 2457 1039 2509; x_wconf 84' lang='lat' dir='ltr'>vestram</span> <span class='ocrx_word' id='word_1_181' title='bbox 1057 2447 1188 2529; x_wconf 76' lang='lat' dir='ltr'>regalem</span> 
     </span>
     <span class='ocr_line' id='line_1_23' title="bbox 88 2539 1186 2625; baseline -0.001 -21"><span class='ocrx_word' id='word_1_182' title='bbox 88 2546 257 2606; x_wconf 86' lang='lat' dir='ltr'>Potentiam</span> <span class='ocrx_word' id='word_1_183' title='bbox 283 2543 404 2604; x_wconf 89' lang='lat' dir='ltr'>omnino</span> <span class='ocrx_word' id='word_1_184' title='bbox 428 2543 539 2602; x_wconf 89' lang='lat' dir='ltr'>habere</span> <span class='ocrx_word' id='word_1_185' title='bbox 565 2543 764 2625; x_wconf 68' lang='lat' dir='ltr'>agnoscimuss</span> <span class='ocrx_word' id='word_1_186' title='bbox 792 2551 823 2602; x_wconf 88' lang='lat' dir='ltr'>et</span> <span class='ocrx_word' id='word_1_187' title='bbox 847 2539 959 2602; x_wconf 90' lang='lat' dir='ltr'>idcirco</span> <span class='ocrx_word' id='word_1_188' title='bbox 984 2540 1083 2601; x_wconf 89' lang='lat' dir='ltr'>omnia</span> <span class='ocrx_word' id='word_1_189' title='bbox 1101 2540 1186 2603; x_wconf 85' lang='lat' dir='ltr'>vobis</span> 
     </span>
     <span class='ocr_line' id='line_1_24' title="bbox 89 2635 1188 2718; baseline -0.004 -20"><span class='ocrx_word' id='word_1_190' title='bbox 89 2637 163 2698; x_wconf 87' lang='lat' dir='ltr'>sicut</span> <span class='ocrx_word' id='word_1_191' title='bbox 190 2638 284 2718; x_wconf 88' lang='lat' dir='ltr'>ipsum</span> <span class='ocrx_word' id='word_1_192' title='bbox 307 2635 367 2710; x_wconf 81' lang='lat' dir='ltr'>Dei</span> <span class='ocrx_word' id='word_1_193' title='bbox 390 2635 566 2715; x_wconf 77' lang='lat' dir='ltr'><strong>Apostolum</strong></span> <span class='ocrx_word' id='word_1_194' title='bbox 593 2635 640 2696; x_wconf 91' lang='lat' dir='ltr'>die</span> <span class='ocrx_word' id='word_1_195' title='bbox 663 2648 812 2717; x_wconf 87' lang='lat' dir='ltr'>noctuque</span> <span class='ocrx_word' id='word_1_196' title='bbox 837 2635 962 2714; x_wconf 88' lang='lat' dir='ltr'>petimus</span> <span class='ocrx_word' id='word_1_197' title='bbox 986 2645 1188 2716; x_wconf 62' lang='lat' dir='ltr'>suggerentes,</span> 
     </span>
     <span class='ocr_line' id='line_1_25' title="bbox 91 2725 1186 2812; baseline -0.004 -22"><span class='ocrx_word' id='word_1_198' title='bbox 91 2730 298 2804; x_wconf 87' lang='lat' dir='ltr'>subiiciuntur,</span> <span class='ocrx_word' id='word_1_199' title='bbox 322 2739 353 2789; x_wconf 91' lang='lat' dir='ltr'>et</span> <span class='ocrx_word' id='word_1_200' title='bbox 370 2727 473 2790; x_wconf 84' lang='lat' dir='ltr'>vestris</span> <span class='ocrx_word' id='word_1_201' title='bbox 493 2727 683 2812; x_wconf 80' lang='lat' dir='ltr'>praefulgidis</span> <span class='ocrx_word' id='word_1_202' title='bbox 701 2726 849 2812; x_wconf 89' lang='lat' dir='ltr'>regalibus</span> <span class='ocrx_word' id='word_1_203' title='bbox 869 2727 976 2808; x_wconf 86' lang='lat' dir='ltr'>plantis</span> <span class='ocrx_word' id='word_1_204' title='bbox 994 2725 1186 2788; x_wconf 85' lang='lat' dir='ltr'>substernun-</span> 
     </span>
     <span class='ocr_line' id='line_1_26' title="bbox 90 2817 1185 2902; baseline -0.004 -20"><span class='ocrx_word' id='word_1_205' title='bbox 90 2833 146 2882; x_wconf 86' lang='lat' dir='ltr'>tur.</span> <span class='ocrx_word' id='word_1_206' title='bbox 176 2823 222 2882; x_wconf 89' lang='lat' dir='ltr'>De</span> <span class='ocrx_word' id='word_1_207' title='bbox 242 2832 343 2882; x_wconf 88' lang='lat' dir='ltr'>nostra</span> <span class='ocrx_word' id='word_1_208' title='bbox 361 2841 434 2898; x_wconf 84' lang='lat' dir='ltr'>vero</span> <span class='ocrx_word' id='word_1_209' title='bbox 453 2821 599 2902; x_wconf 84' lang='lat' dir='ltr'>hospitate</span> <span class='ocrx_word' id='word_1_210' title='bbox 618 2833 652 2884; x_wconf 91' lang='lat' dir='ltr'>ut</span> <span class='ocrx_word' id='word_1_211' title='bbox 666 2820 872 2901; x_wconf 88' lang='lat' dir='ltr'>inquirendum</span> <span class='ocrx_word' id='word_1_212' title='bbox 884 2820 1035 2896; x_wconf 75' lang='lat' dir='ltr'>direxistis,</span> <span class='ocrx_word' id='word_1_213' title='bbox 1053 2817 1185 2880; x_wconf 88' lang='lat' dir='ltr'>Domino</span> 
     </span>
     <span class='ocr_line' id='line_1_27' title="bbox 92 2901 1186 2995; baseline -0.003 -21"><span class='ocrx_word' id='word_1_214' title='bbox 92 2914 303 2995; x_wconf 85' lang='lat' dir='ltr'>coopitulante,</span> <span class='ocrx_word' id='word_1_215' title='bbox 320 2925 445 2982; x_wconf 79' lang='lat' dir='ltr'>vestram</span> <span class='ocrx_word' id='word_1_216' title='bbox 466 2915 587 2976; x_wconf 91' lang='lat' dir='ltr'>omnino</span> <span class='ocrx_word' id='word_1_217' title='bbox 607 2924 801 2995; x_wconf 83' lang='lat' dir='ltr'>agnoscentes</span> <span class='ocrx_word' id='word_1_218' title='bbox 819 2901 956 2990; x_wconf 80' lang='lat' dir='ltr'>salutem,</span> <span class='ocrx_word' id='word_1_219' title='bbox 979 2911 1110 2977; x_wconf 80' lang='lat' dir='ltr'>valentes</span> <span class='ocrx_word' id='word_1_220' title='bbox 1129 2931 1186 2991; x_wconf 86' lang='lat' dir='ltr'>pro</span> 
     </span>
    </p>

    <p class='ocr_par' dir='ltr' id='par_1_6' title="bbox 30 3005 1214 3460">
     <span class='ocr_line' id='line_1_28' title="bbox 30 3005 1186 3093; baseline -0.005 -25"><span class='ocrx_word' id='word_1_221' title='bbox 30 3073 32 3078; x_wconf 64' lang='grc'>,</span> <span class='ocrx_word' id='word_1_222' title='bbox 92 3008 174 3068; x_wconf 83' lang='lat' dir='ltr'>vobis</span> <span class='ocrx_word' id='word_1_223' title='bbox 192 3027 255 3068; x_wconf 93' lang='lat' dir='ltr'>non</span> <span class='ocrx_word' id='word_1_224' title='bbox 275 3007 431 3073; x_wconf 88' lang='lat' dir='ltr'>desinimus</span> <span class='ocrx_word' id='word_1_225' title='bbox 450 3006 574 3068; x_wconf 82' lang='lat' dir='ltr'>luudere</span> <span class='ocrx_word' id='word_1_226' title='bbox 593 3027 705 3087; x_wconf 85' lang='lat' dir='ltr'>preces,</span> <span class='ocrx_word' id='word_1_227' title='bbox 722 3017 756 3066; x_wconf 91' lang='lat' dir='ltr'>ut</span> <span class='ocrx_word' id='word_1_228' title='bbox 773 3006 805 3066; x_wconf 90' lang='lat' dir='ltr'>in</span> <span class='ocrx_word' id='word_1_229' title='bbox 824 3007 882 3068; x_wconf 87' lang='lat' dir='ltr'>hoc</span> <span class='ocrx_word' id='word_1_230' title='bbox 900 3007 1012 3093; x_wconf 80' lang='lat' dir='ltr'>mundo</span> <span class='ocrx_word' id='word_1_231' title='bbox 1030 3005 1118 3086; x_wconf 85' lang='lat' dir='ltr'>regni</span> <span class='ocrx_word' id='word_1_232' title='bbox 1130 3023 1186 3084; x_wconf 87' lang='lat' dir='ltr'>gn-</span> 
     </span>
     <span class='ocr_line' id='line_1_29' title="bbox 94 3095 1185 3172; baseline -0.004 -12"><span class='ocrx_word' id='word_1_233' title='bbox 94 3099 248 3162; x_wconf 88' lang='lat' dir='ltr'>bernacnla</span> <span class='ocrx_word' id='word_1_234' title='bbox 266 3099 425 3161; x_wconf 85' lang='lat' dir='ltr'>multorum</span> <span class='ocrx_word' id='word_1_235' title='bbox 445 3100 591 3161; x_wconf 86' lang='lat' dir='ltr'>curriculo</span> <span class='ocrx_word' id='word_1_236' title='bbox 611 3101 742 3160; x_wconf 77' lang='lat' dir='ltr'>fruentes</span> <span class='ocrx_word' id='word_1_237' title='bbox 760 3117 922 3172; x_wconf 82' lang='lat' dir='ltr'>annorum,</span> <span class='ocrx_word' id='word_1_238' title='bbox 941 3108 972 3157; x_wconf 89' lang='lat' dir='ltr'>et</span> <span class='ocrx_word' id='word_1_239' title='bbox 989 3095 1022 3156; x_wconf 92' lang='lat' dir='ltr'>in</span> <span class='ocrx_word' id='word_1_240' title='bbox 1040 3095 1185 3158; x_wconf 84' lang='lat' dir='ltr'>aethereis</span> 
     </span>
     <span class='ocr_line' id='line_1_30' title="bbox 95 3183 1186 3276; baseline -0.011 -23"><span class='ocrx_word' id='word_1_241' title='bbox 95 3193 221 3270; x_wconf 84' lang='lat' dir='ltr'>arcibus,</span> <span class='ocrx_word' id='word_1_242' title='bbox 248 3213 307 3253; x_wconf 89' lang='lat' dir='ltr'>una</span> <span class='ocrx_word' id='word_1_243' title='bbox 326 3213 392 3254; x_wconf 89' lang='lat' dir='ltr'>cum</span> <span class='ocrx_word' id='word_1_244' title='bbox 412 3193 519 3254; x_wconf 88' lang='lat' dir='ltr'>domna</span> <span class='ocrx_word' id='word_1_245' title='bbox 538 3192 669 3276; x_wconf 85' lang='lat' dir='ltr'>Regina,</span> <span class='ocrx_word' id='word_1_246' title='bbox 697 3203 850 3274; x_wconf 74' lang='lat' dir='ltr'>vesuaque</span> <span class='ocrx_word' id='word_1_247' title='bbox 869 3189 1051 3250; x_wconf 88' lang='lat' dir='ltr'>nobilissima</span> <span class='ocrx_word' id='word_1_248' title='bbox 1070 3183 1186 3260; x_wconf 86' lang='lat' dir='ltr'>subole,</span> 
     </span>
     <span class='ocr_line' id='line_1_31' title="bbox 96 3277 1214 3367; baseline -0.01 -19"><span class='ocrx_word' id='word_1_249' title='bbox 96 3286 155 3348; x_wconf 85' lang='lat' dir='ltr'>siue</span> <span class='ocrx_word' id='word_1_250' title='bbox 174 3287 234 3346; x_wconf 87' lang='lat' dir='ltr'>line</span> <span class='ocrx_word' id='word_1_251' title='bbox 257 3283 383 3367; x_wconf 74' lang='lat' dir='ltr'>regnare</span> <span class='ocrx_word' id='word_1_252' title='bbox 406 3283 586 3350; x_wconf 87' lang='lat' dir='ltr'>mereamini.</span> <span class='ocrx_word' id='word_1_253' title='bbox 628 3284 812 3366; x_wconf 84' lang='lat' dir='ltr'>Incolumem</span> <span class='ocrx_word' id='word_1_254' title='bbox 829 3277 1043 3343; x_wconf 81' lang='lat' dir='ltr'>Excellentiam</span> <span class='ocrx_word' id='word_1_255' title='bbox 1060 3286 1184 3341; x_wconf 67' lang='lat' dir='ltr'>vermem</span> <span class='ocrx_word' id='word_1_256' title='bbox 1209 3301 1214 3316; x_wconf 71' lang='lat'>¹</span> 
     </span>
     <span class='ocr_line' id='line_1_32' title="bbox 97 3378 501 3460; baseline -0.01 -19"><span class='ocrx_word' id='word_1_257' title='bbox 97 3379 185 3460; x_wconf 78' lang='lat' dir='ltr'>gratia</span> <span class='ocrx_word' id='word_1_258' title='bbox 203 3397 330 3460; x_wconf 87' lang='lat' dir='ltr'>superna</span> <span class='ocrx_word' id='word_1_259' title='bbox 350 3378 501 3438; x_wconf 76' lang='lat' dir='ltr'>custodiat</span> 
     </span>
    </p>
   </div>
   <div class='ocr_carea' id='block_1_3' title="bbox 541 3585 738 3598">
    <p class='ocr_par' dir='ltr' id='par_1_7' title="bbox 541 3585 738 3598">
     <span class='ocr_line' id='line_1_33' title="bbox 541 3585 738 3598; baseline 0 -2"><span class='ocrx_word' id='word_1_260' title='bbox 541 3585 738 3598; x_wconf 58' lang='lat' dir='ltr'>m</span> 
     </span>
    </p>
   </div>
   <div class='ocr_carea' id='block_1_4' title="bbox 411 3807 877 4004">
    <p class='ocr_par' dir='ltr' id='par_1_8' title="bbox 411 3807 877 4004">
     <span class='ocr_line' id='line_1_34' title="bbox 651 3807 811 3880; baseline 0.031 -5"><span class='ocrx_word' id='word_1_261' title='bbox 651 3807 692 3876; x_wconf 90' lang='lat'>11.</span> <span class='ocrx_word' id='word_1_262' title='bbox 806 3869 811 3880; x_wconf 88' lang='lat'>.</span> 
     </span>
     <span class='ocr_line' id='line_1_35' title="bbox 411 3807 877 4004; baseline -0.006 0"><span class='ocrx_word' id='word_1_263' title='bbox 411 3807 668 4004; x_wconf 45' lang='lat' dir='ltr'>runauld·</span> <span class='ocrx_word' id='word_1_264' title='bbox 700 3901 877 3997; x_wconf 70' lang='lat' dir='ltr'>susm</span> 
     </span>
    </p>
   </div>
   <div class='ocr_carea' id='block_1_5' title="bbox 469 4015 812 4070">
    <p class='ocr_par' dir='ltr' id='par_1_9' title="bbox 469 4015 812 4070">
     <span class='ocr_line' id='line_1_36' title="bbox 469 4015 812 4070; baseline -0.012 0"><span class='ocrx_word' id='word_1_265' title='bbox 469 4015 543 4070; x_wconf 82' lang='lat' dir='ltr'>ducis</span> <span class='ocrx_word' id='word_1_266' title='bbox 562 4015 812 4070; x_wconf 65' lang='lat' dir='ltr'>numentanorum.</span> 
     </span>
    </p>
   </div>
   <div class='ocr_carea' id='block_1_6' title="bbox 33 4146 1027 4438">
    <p class='ocr_par' dir='ltr' id='par_1_10' title="bbox 33 4146 1027 4438">
     <span class='ocr_line' id='line_1_37' title="bbox 242 4146 906 4226; baseline -0.008 -20"><span class='ocrx_word' id='word_1_267' title='bbox 242 4153 386 4221; x_wconf 73' lang='lat' dir='ltr'>langaratum</span> <span class='ocrx_word' id='word_1_268' title='bbox 401 4151 519 4226; x_wconf 73' lang='lat' dir='ltr'>lacrymis</span> <span class='ocrx_word' id='word_1_269' title='bbox 536 4151 698 4220; x_wconf 84' lang='lat' dir='ltr'>populorum</span> <span class='ocrx_word' id='word_1_270' title='bbox 714 4146 814 4202; x_wconf 71' lang='lat' dir='ltr'>roscida</span> <span class='ocrx_word' id='word_1_271' title='bbox 832 4149 906 4202; x_wconf 87' lang='lat' dir='ltr'>tellus</span> 
     </span>
     <span class='ocr_line' id='line_1_38' title="bbox 33 4233 1027 4318; baseline -0.009 -26"><span class='ocrx_word' id='word_1_272' title='bbox 33 4233 34 4309; x_wconf 56' lang='lat' dir='ltr'><strong>l</strong></span> <span class='ocrx_word' id='word_1_273' title='bbox 293 4235 422 4305; x_wconf 76' lang='lat' dir='ltr'>Principis</span> <span class='ocrx_word' id='word_1_274' title='bbox 437 4236 501 4289; x_wconf 84' lang='lat' dir='ltr'>haee</span> <span class='ocrx_word' id='word_1_275' title='bbox 515 4233 602 4300; x_wconf 75' lang='lat' dir='ltr'>magni</span> <span class='ocrx_word' id='word_1_276' title='bbox 616 4233 706 4287; x_wconf 84' lang='lat' dir='ltr'>nobile</span> <span class='ocrx_word' id='word_1_277' title='bbox 720 4253 817 4318; x_wconf 78' lang='lat' dir='ltr'>eorpus</span> <span class='ocrx_word' id='word_1_278' title='bbox 834 4233 919 4285; x_wconf 80' lang='lat' dir='ltr'>habet.</span> <span class='ocrx_word' id='word_1_279' title='bbox 1013 4295 1027 4316; x_wconf 32' lang='grc'>1,</span> 
     </span>
     <span class='ocr_line' id='line_1_39' title="bbox 34 4314 1022 4438; baseline -0.011 -62"><span class='ocrx_word' id='word_1_280' title='bbox 34 4349 36 4438; x_wconf 61' lang='lat' dir='ltr'><strong>p</strong></span> <span class='ocrx_word' id='word_1_281' title='bbox 245 4317 296 4374; x_wconf 83' lang='lat' dir='ltr'>llis</span> <span class='ocrx_word' id='word_1_282' title='bbox 312 4337 425 4388; x_wconf 84' lang='lat' dir='ltr'>namque</span> <span class='ocrx_word' id='word_1_283' title='bbox 440 4317 468 4372; x_wconf 90' lang='lat' dir='ltr'>in</span> <span class='ocrx_word' id='word_1_284' title='bbox 486 4317 583 4372; x_wconf 73' lang='lat' dir='ltr'>emetis</span> <span class='ocrx_word' id='word_1_285' title='bbox 598 4319 723 4375; x_wconf 75' lang='lat' dir='ltr'>recubans</span> <span class='ocrx_word' id='word_1_286' title='bbox 740 4317 921 4371; x_wconf 80' lang='lat' dir='ltr'>celeberrimus</span> <span class='ocrx_word' id='word_1_287' title='bbox 937 4314 1022 4370; x_wconf 70' lang='lat' dir='ltr'>llutos</span> 
     </span>
    </p>
   </div>
   <div class='ocr_carea' id='block_1_7' title="bbox 34 4387 1113 4568">
    <p class='ocr_par' dir='ltr' id='par_1_11' title="bbox 34 4387 1113 4568">
     <span class='ocr_line' id='line_1_40' title="bbox 34 4387 1061 4496; baseline -0.031 -17"><span class='ocrx_word' id='word_1_288' title='bbox 34 4439 35 4496; x_wconf 56' lang='grc' dir='ltr'>ζ</span> <span class='ocrx_word' id='word_1_289' title='bbox 230 4465 236 4471; x_wconf 96' lang='grc'><em>.</em></span> <span class='ocrx_word' id='word_1_290' title='bbox 296 4403 465 4474; x_wconf 63' lang='lat' dir='ltr'>Promotum</span> <span class='ocrx_word' id='word_1_291' title='bbox 481 4399 589 4468; x_wconf 67' lang='lat' dir='ltr'>Arium</span> <span class='ocrx_word' id='word_1_292' title='bbox 607 4421 624 4457; x_wconf 91' lang='lat' dir='ltr'><strong>o</strong></span> <span class='ocrx_word' id='word_1_293' title='bbox 642 4403 728 4467; x_wconf 58' lang='lat' dir='ltr'>Meus,</span> <span class='ocrx_word' id='word_1_294' title='bbox 744 4413 821 4471; x_wconf 77' lang='lat' dir='ltr'>atque</span> <span class='ocrx_word' id='word_1_295' title='bbox 837 4387 940 4455; x_wconf 69' lang='lat' dir='ltr'>dolor·¹</span> <span class='ocrx_word' id='word_1_296' title='bbox 1053 4409 1061 4422; x_wconf 84' lang='grc'><em>·</em></span> 
     </span>
     <span class='ocr_line' id='line_1_41' title="bbox 34 4489 1113 4568; baseline -0.042 -25"><span class='ocrx_word' id='word_1_297' title='bbox 34 4499 35 4568; x_wconf 61' lang='lat' dir='ltr'><strong>l</strong></span> <span class='ocrx_word' id='word_1_298' title='bbox 1107 4489 1113 4498; x_wconf 85' lang='lat'>.</span> 
     </span>
    </p>
   </div>
   <div class='ocr_carea' id='block_1_8' title="bbox 0 0 1505 5094">
    <p class='ocr_par' dir='ltr' id='par_1_12' title="bbox 0 0 1505 5094">
     <span class='ocr_line' id='line_1_42' title="bbox 0 0 1505 5094; baseline 0 0"><span class='ocrx_word' id='word_1_299' title='bbox 0 0 1505 5094; x_wconf 95' lang='lat' dir='ltr'> </span> 
     </span>
    </p>
   </div>
  </div>
 </body>
</html>
