2908 5094
776 467 865 558 roo

170 659 173 668 '
226 691 229 702 ι
270 647 334 720 bat3
358 624 413 710 nisi
437 645 515 709 lonc
539 645 661 708 iubente
685 643 769 729 Reg‘e
795 643 854 704 tale
880 641 989 724 aliquid
1014 653 1104 718 esset,
1129 641 1209 724 quod
1233 641 1378 726 Reginae
1438 603 1439 638 ³

160 777 162 786 =
269 736 307 802 ad
325 742 506 804 tractandum
526 741 677 824 cumipse
697 734 883 821 congrueret.
922 737 1004 797 Haec
1029 747 1125 798 autem
1145 733 1254 810 omnia,
1274 735 1379 796 ethis
1438 789 1439 808 ,

178 851 181 876 ¹
269 827 372 896 similia
396 855 433 898 eo
452 833 667 944 intendebant,
689 841 722 908 ut
745 829 781 894 ab
808 829 890 892 omni
914 827 1110 892 sollicitudine
1136 828 1298 891 domestica
1320 819 1439 890 vel

268 925 461 1006 Palatina,
451 947 482 987 ιιι
514 938 653 1008 quantum
664 923 901 986 rationabiliter
930 933 960 983 et
990 923 1115 984 honeste
1146 941 1209 983 esse
1240 933 1378 1002 poterat,

268 1019 404 1082 Domnus
422 1020 485 1080 Rex
504 1017 701 1099 omnipotenti
719 1017 789 1078 Deo
808 1037 890 1098 spem
913 1037 994 1076 suam
1013 1014 1214 1076 indesinenter
1233 1015 1377 1077 commit-
1438 1061 1439 1068 ,

168 1149 170 1158 ·
198 1117 200 1126 ‘
257 1121 334 1184 ,teus
353 1114 391 1174 ad
409 1111 500 1173 totius
518 1112 604 1195 regui
622 1123 729 1186 statum
748 1107 958 1199 ordinandum,
983 1105 1031 1170 vel
1051 1109 1285 1172 conservandum
1305 1109 1376 1169 ani-

67 1259 71 1270 .
114 1241 119 1250 ·
268 1225 348 1266 mum
367 1225 483 1288 semper
501 1226 585 1274 suum
602 1215 772 1288 promptum
791 1201 923 1264 haberet.

325 1294 437 1360 XXIII.
474 1299 521 1360 Ad
541 1310 601 1360 tres
619 1309 716 1360 autem
735 1293 953 1372 ministeriales,
979 1293 1200 1371 Senercalenm‚
1214 1293 1376 1369 Butieula-

269 1390 355 1469 rium,
374 1403 404 1453 et
423 1389 570 1453 Comitem
584 1389 700 1452 Stabuli
718 1389 879 1452 secundum
892 1387 1119 1468 uniuscuiusque
1131 1387 1286 1450 ministerii
1298 1409 1375 1469 qna-

269 1479 382 1545 litatem
406 1483 453 1548 vel
477 1485 670 1566 quantitatem
697 1482 882 1566 pertinebat,
905 1493 938 1542 ut
962 1503 1028 1542 cum
1053 1481 1202 1542 communi
1224 1492 1375 1544 consensu

257 1569 307 1636 xdc
340 1579 405 1639 suo'
424 1576 546 1658 quisque
574 1577 746 1639 ministerio*
769 1573 948 1636 admouendi
976 1592 1039 1634 nou
1066 1574 1166 1636 'essent
1188 1593 1309 1658 segnes,
1339 1585 1376 1635 nt

269 1681 381 1750 quanto
401 1668 463 1733 elus
482 1670 718 1752 essepotutsset
737 1687 839 1730 omues
859 1678 973 1728 actores
991 1666 1083 1750 Regis
1103 1667 1373 1750 praescirent,an

268 1761 315 1826 vel
334 1761 387 1827 ubi
405 1761 468 1824 Rex
485 1761 539 1824 illo
557 1761 605 1827 uel
624 1763 677 1824 illo
697 1761 843 1844 tempore,
861 1771 945 1822 tanto
965 1760 1012 1824 vel
1032 1773 1116 1822 tanto
1134 1761 1229 1842 spatio
1249 1781 1373 1824 manere

269 1853 431 1933 debuisset,
462 1865 587 1938 propter
610 1855 818 1918 adductionem
847 1855 895 1918 rel
925 1855 1194 1938 praeparationem:
1222 1875 1263 1918 ne
1290 1855 1374 1916 l'orte

267 1948 352 2009 tarde
370 1945 513 2025 scientes,
540 1949 832 2036 duminopportuno
851 1957 1004 2030 tempore,
1027 1946 1074 2011 vel
1095 1969 1160 2010 cum
1179 1947 1269 2010 nimia
1288 1948 1374 2010 lesti-

134 2042 136 2050 ’
208 2044 211 2060 ‘
268 2040 390 2102 natione
410 2039 585 2124 exigeretur,
603 2041 711 2104 familia
730 2041 837 2126 regalis
851 2063 918 2124 ¹per
941 2041 1155 2126 negligentiam
1179 2041 1243 2104 sine
1267 2061 1373 2104 neces·

267 2131 353 2193 ritate
373 2133 598 2214 opprimeretur.
643 2134 730 2212 Quae
749 2133 888 2197 videlieet
905 2155 986 2223 cura,
1006 2155 1179 2216 quamquam
1198 2135 1235 2196 ad
1244 2135 1372 2197 Butieu-

268 2223 382 2304 larium,
401 2226 448 2287 rel
467 2226 505 2288 ad
525 2224 672 2288 Comitem
691 2226 808 2288 Stabuli
827 2229 1004 2310 pertineret,
1028 2225 1150 2288 maxima
1173 2238 1270 2288 tamen
1295 2249 1374 2290 cura

268 2317 306 2378 ad
326 2315 532 2381 senescalcum
551 2320 738 2400 respiciebat,
758 2341 795 2381 eo
817 2319 898 2400 quod
918 2319 1016 2381 omnia
1029 2331 1157 2398 caetera,
1175 2330 1289 2402 praeter
1308 2343 1375 2403 po-

267 2418 315 2470 tus
338 2411 386 2472 vel
410 2412 503 2474 rictus
534 2412 715 2474 caballorum
746 2414 783 2474 ad
814 2413 940 2474 eundern
967 2412 1173 2476 senescalcum
1200 2413 1373 2496 respiceret

267 2501 352 2563 luter
371 2525 444 2584 quos
463 2503 552 2566 etiam
572 2517 603 2566 et
620 2506 834 2567 Mansionar‘ius
854 2504 1007 2582 intererat,
1026 2519 1116 2588 super
1137 2506 1217 2568 cuius
1237 2507 1372 2570 ministe-

267 2593 344 2656 rium
363 2595 562 2674 incumbebat,
582 2597 657 2660 sicut
677 2609 707 2659 et
726 2617 836 2660 nomen
856 2598 917 2658 eius
937 2598 1059 2677 indicat,
1078 2611 1112 2661 ut
1131 2599 1162 2661 iu
1174 2601 1233 2663 hoc
1246 2602 1371 2662 maxime

267 2687 436 2752 sollicitudo
457 2688 519 2751 'eius
538 2689 656 2751 intenta·
672 2701 763 2767 esset,
787 2701 898 2751 uttam
917 2691 1076 2772 supradicti
1095 2691 1238 2771 Actores,
1266 2713 1371 2774 φιιιιιι-

210 2797 217 2819 ’
269 2784 326 2862 que
346 2793 376 2843 et
394 2794 587 2863 susceptores,
607 2803 666 2862 quo
685 2793 821 2892 ternpore
841 2783 878 2843 ad
897 2801 948 2844 eos
967 2781 1020 2846 illo
1040 2785 1086 2848 vel
1105 2787 1188 2848 illo
1178 2807 1210 2848 ιιι
1229 2787 1295 2848 loco
1306 2787 1372 2848 Rex

269 2885 407 2936 venturus
427 2883 512 2952 esset,
526 2887 671 2986 propter
673 2876 857 2936 mansionum
872 2874 1137 2958 praeparationem,
1156 2893 1189 2941 ut
1199 2889 1370 2962 opportuno

267 2977 403 3050 tempore
421 2967 568 3050 praescire
587 2958 767 3080 potuissept·
793 2987 831 3030 ne
851 2979 901 3029 aut
920 2969 1007 3048 inde,
1030 2975 1113 3035 tarde
1132 2975 1273 3050 scientes,
1295 2993 1370 3053 pro-

268 3069 337 3141 pter
356 3061 548 3123 afflictionem
568 3061 729 3124 Familiae'
719 3075 890 3144 importuno
914 3075 1050 3146 tempore
1074 3077 1243 3156 peccatum,
1270 3065 1372 3136 anthi

268 3163 393 3236 propter
411 3174 473 3215 non
493 3155 671 3236 condignam
691 3157 917 3236 susceptionem,
936 3179 970 3218 ac
988 3157 1101 3220 sibene
1112 3149 1284 3238 noluissent,
1302 3181 1372 3222 curn

269 3257 356 3316 certe
369 3267 432 3308 ιιοιι
450 3247 591 3325 volendo,
610 3247 663 3309 sed
683 3265 746 3308 non
765 3248 890 3311 valendo
911 3251 1138 3312 offensionem
1129 3263 1323 3315 mcurrerent.

324 3335 435 3400 XXIV.
474 3342 617 3402 Similiter
636 3361 755 3422 quoque
774 3341 955 3420 Venatores,
987 3355 1017 3404 et
1044 3344 1161 3424 quintus
1179 3347 1372 3408 Falconarius

270 3451 335 3492 cum
356 3432 458 3491 eadem
476 3433 668 3496 unanimitate
687 3437 846 3498 secundum
865 3437 1006 3520 temporis
1028 3437 1196 3517 qualitatem
1210 3441 1372 3502 admonere

255 3519 437 3600 studebant,
456 3523 582 3604 qualiter
601 3546 653 3602 ea,
673 3547 749 3606 quae
768 3529 804 3588 ad
823 3529 1005 3614 singulorum
1024 3531 1252 3595 ministeriorum
1272 3555 1372 3596 curam
1438 3573 1439 3576 =

270 3613 469 3697 pertinebant,
488 3627 521 3678 ut
541 3628 711 3698 opportuno
731 3631 874 3700 tempore,
895 3635 925 3683 et
943 3643 1005 3684 non
1025 3625 1107 3686 tarde
1126 3627 1373 3704 consideraretur,

223 3748 226 3759 -
272 3707 390 3788 quando
408 3708 484 3770 tanti
503 3708 549 3773 vel
570 3710 687 3790 quando
707 3713 792 3788 tanti,
812 3715 929 3795 quando
948 3717 1016 3792 toti,
1036 3728 1067 3778 et
1086 3723 1203 3800 quando
1217 3721 1299 3798 nulll,
1320 3733 1372 3783 aut

239 3796 242 3814 ¹
269 3820 302 3880 pn
322 3800 431 3882 palatio
450 3803 657 3880 retinerentur,
677 3815 728 3865 aut
745 3827 828 3868 more
848 3807 935 3870 solito
961 3809 1034 3871 loris
1053 3809 1203 3875 nutriendi
1222 3835 1313 3895 usque
1337 3815 1371 3876 ad

270 3893 386 3978 tempus
405 3893 605 3975 mitterentur,
636 3909 686 3960 aut
709 3910 843 3982 tempore
870 3923 1004 3984 congruo
1024 3923 1079 3984 per
1098 3905 1285 3968 denominata
1304 3907 1372 3971 loca

270 3987 399 4050 venandi
418 4007 502 4049 causa
520 3991 631 4069 pariter
650 4003 680 4053 et
698 3993 848 4055 nutriendi
869 3993 1103 4078 disponerentur.
1142 3997 1203 4060 Sed
1219 4011 1249 4061 et
1263 4002 1322 4062 hoc
1345 4015 1372 4064 et

272 4079 360 4166 illud,
384 4079 416 4140 id
435 4091 495 4158 est,
520 4091 550 4144 et
568 4082 647 4156 intra
664 4095 694 4146 et
714 4093 792 4148 ertra'
810 4087 964 4169 palatium,
991 4087 1031 4150 ita
1061 4111 1177 4172 semper
1202 4111 1266 4154 cum
1286 4117 1370 4156 men-

237 4254 240 4267 1
273 4191 339 4233 sura
360 4183 390 4233 et
407 4173 523 4239 ratione
537 4174 732 4256 ordinaretur,
751 4191 783 4240 ut
794 4191 933 4260 quantum
944 4183 1106 4262 prodesset,
1126 4197 1211 4262 esset,
1232 4199 1262 4248 et
1277 4209 1370 4268 quan-

160 4319 167 4334 ,
273 4273 334 4322 tum
354 4253 416 4343 ιιοιι1
435 4268 598 4348 prodesset,
618 4289 679 4329 ιιοιι
700 4283 791 4344 esset·
816 4268 882 4354 qnia
907 4275 937 4333 in
965 4276 1033 4356 ipsis
1059 4279 1227 4343 ministeriis
1247 4301 1309 4342 non
1330 4281 1370 4342 sic

273 4353 360 4415 facile
380 4370 475 4420 certus
494 4383 641 4439 numerus,
662 4377 710 4426 aut
726 4365 889 4443 hominurn,
909 4380 958 4428 aut
977 4391 1091 4444 canum,
1111 4375 1274 4436 antatium
1292 4371 1368 4435 dil-li

176 4449 190 4466 “
274 4445 330 4506 ιιῖιῐ
349 4460 465 4527 potest;
481 4453 578 4514 idco'
569 4478 599 4514 m
620 4457 748 4536 ipsorum
776 4457 897 4521 arbitrio
917 4457 1067 4540 manebat,
1093 4465 1193 4543 quanti
1221 4479 1250 4527 et
1264 4467 1368 4547 quales
