<?xml version="1.0" encoding="UTF-8"?>
<!DOCTYPE html PUBLIC "-//W3C//DTD XHTML 1.0 Transitional//EN"
    "http://www.w3.org/TR/xhtml1/DTD/xhtml1-transitional.dtd">
<html xmlns="http://www.w3.org/1999/xhtml" xml:lang="en" lang="en">
 <head>
  <title>
</title>
<meta http-equiv="Content-Type" content="text/html;charset=utf-8" />
  <meta name='ocr-system' content='tesseract 3.04.00' />
  <meta name='ocr-capabilities' content='ocr_page ocr_carea ocr_par ocr_line ocrx_word'/>
</head>
<body>
  <div class='ocr_page' id='page_1' title='image "./lebenundwandelk00egingoog_0029.png"; bbox 0 0 2960 5094; ppageno 0'>
   <div class='ocr_carea' id='block_1_1' title="bbox 619 428 682 498">
    <p class='ocr_par' dir='ltr' id='par_1_1' title="bbox 619 428 682 498">
     <span class='ocr_line' id='line_1_1' title="bbox 619 428 682 498; baseline 0.032 -2"><span class='ocrx_word' id='word_1_1' title='bbox 619 428 682 498; x_wconf 66' lang='grc' dir='ltr'><strong>»ΙΙ</strong></span> 
     </span>
    </p>
   </div>
   <div class='ocr_carea' id='block_1_2' title="bbox 24 583 1275 2166">
    <p class='ocr_par' dir='ltr' id='par_1_2' title="bbox 24 583 1275 2166">
     <span class='ocr_line' id='line_1_2' title="bbox 102 583 1199 666; baseline 0.006 -21"><span class='ocrx_word' id='word_1_2' title='bbox 102 585 251 665; x_wconf 77' lang='lat' dir='ltr'>pollicitus</span> <span class='ocrx_word' id='word_1_3' title='bbox 270 587 370 661; x_wconf 87' lang='lat' dir='ltr'><strong>suerit,</strong></span> <span class='ocrx_word' id='word_1_4' title='bbox 390 583 577 646; x_wconf 87' lang='lat' dir='ltr'><strong>immaculato</strong></span> <span class='ocrx_word' id='word_1_5' title='bbox 597 583 687 646; x_wconf 91' lang='lat' dir='ltr'><strong>corde</strong></span> <span class='ocrx_word' id='word_1_6' title='bbox 707 595 737 644; x_wconf 87' lang='lat' dir='ltr'><strong>et</strong></span> <span class='ocrx_word' id='word_1_7' title='bbox 757 605 829 663; x_wconf 89' lang='lat' dir='ltr'><strong>pura</strong></span> <span class='ocrx_word' id='word_1_8' title='bbox 850 588 1199 666; x_wconf 84' lang='lat' dir='ltr'><strong>conscientiacustodire‚</strong></span> 
     </span>
     <span class='ocr_line' id='line_1_3' title="bbox 102 678 1200 777; baseline 0.004 -35"><span class='ocrx_word' id='word_1_9' title='bbox 102 693 142 742; x_wconf 90' lang='lat' dir='ltr'><strong>et·</strong></span> <span class='ocrx_word' id='word_1_10' title='bbox 139 680 291 761; x_wconf 86' lang='lat' dir='ltr'><strong>·operibus</strong></span> <span class='ocrx_word' id='word_1_11' title='bbox 309 679 442 777; x_wconf 90' lang='lat' dir='ltr'><strong>implere</strong></span> <span class='ocrx_word' id='word_1_12' title='bbox 487 679 607 738; x_wconf 89' lang='lat' dir='ltr'><strong>Nomen</strong></span> <span class='ocrx_word' id='word_1_13' title='bbox 624 679 703 739; x_wconf 86' lang='lat' dir='ltr'><strong>enim</strong></span> <span class='ocrx_word' id='word_1_14' title='bbox 723 678 836 740; x_wconf 92' lang='lat' dir='ltr'><strong>bonum</strong></span> <span class='ocrx_word' id='word_1_15' title='bbox 856 692 914 758; x_wconf 90' lang='lat' dir='ltr'><strong>est,</strong></span> <span class='ocrx_word' id='word_1_16' title='bbox 938 682 1009 744; x_wconf 91' lang='lat' dir='ltr'><strong>totis</strong></span> <span class='ocrx_word' id='word_1_17' title='bbox 1033 682 1143 746; x_wconf 85' lang='lat' dir='ltr'><strong>viribus</strong></span> <span class='ocrx_word' id='word_1_18' title='bbox 1162 687 1200 746; x_wconf 86' lang='lat' dir='ltr'><strong>ad</strong></span> 
     </span>
     <span class='ocr_line' id='line_1_4' title="bbox 101 770 1200 854; baseline 0.002 -18"><span class='ocrx_word' id='word_1_19' title='bbox 101 775 306 837; x_wconf 73' lang='lat' dir='ltr'><strong>exaltationem</strong></span> <span class='ocrx_word' id='word_1_20' title='bbox 326 783 445 834; x_wconf 64' lang='lat' dir='ltr'><strong>santae</strong></span> <span class='ocrx_word' id='word_1_21' title='bbox 465 770 525 831; x_wconf 90' lang='lat' dir='ltr'><strong>Dei</strong></span> <span class='ocrx_word' id='word_1_22' title='bbox 543 771 712 850; x_wconf 81' lang='lat' dir='ltr'><strong>Ecclesiae,</strong></span> <span class='ocrx_word' id='word_1_23' title='bbox 731 794 786 851; x_wconf 91' lang='lat' dir='ltr'><strong>per</strong></span> <span class='ocrx_word' id='word_1_24' title='bbox 805 793 893 854; x_wconf 83' lang='lat' dir='ltr'><strong>quam</strong></span> <span class='ocrx_word' id='word_1_25' title='bbox 913 786 945 836; x_wconf 91' lang='lat' dir='ltr'><strong>et</strong></span> <span class='ocrx_word' id='word_1_26' title='bbox 962 775 1038 838; x_wconf 81' lang='lat' dir='ltr'><strong>salus</strong></span> <span class='ocrx_word' id='word_1_27' title='bbox 1057 775 1200 838; x_wconf 84' lang='lat' dir='ltr'><strong>Christia-</strong></span> 
     </span>
     <span class='ocr_line' id='line_1_5' title="bbox 99 866 1201 953; baseline 0.004 -25"><span class='ocrx_word' id='word_1_28' title='bbox 99 889 208 930; x_wconf 87' lang='lat' dir='ltr'><strong>norum</strong></span> <span class='ocrx_word' id='word_1_29' title='bbox 229 867 354 940; x_wconf 80' lang='lat' dir='ltr'><strong>exsisn‘t,</strong></span> <span class='ocrx_word' id='word_1_30' title='bbox 378 866 538 926; x_wconf 77' lang='lat' dir='ltr'><strong>decertare.</strong></span> <span class='ocrx_word' id='word_1_31' title='bbox 584 866 703 928; x_wconf 75' lang='lat' dir='ltr'><strong>Bonum</strong></span> <span class='ocrx_word' id='word_1_32' title='bbox 721 869 799 927; x_wconf 82' lang='lat' dir='ltr'><strong>enixa</strong></span> <span class='ocrx_word' id='word_1_33' title='bbox 818 868 898 929; x_wconf 87' lang='lat' dir='ltr'><strong>inter</strong></span> <span class='ocrx_word' id='word_1_34' title='bbox 916 875 1020 932; x_wconf 84' lang='lat' dir='ltr'><strong>omnes</strong></span> <span class='ocrx_word' id='word_1_35' title='bbox 1039 882 1144 953; x_wconf 78' lang='lat' dir='ltr'>gentes</span> <span class='ocrx_word' id='word_1_36' title='bbox 1164 871 1201 932; x_wconf 92' lang='lat' dir='ltr'><strong>de</strong></span> 
     </span>
     <span class='ocr_line' id='line_1_6' title="bbox 97 955 1201 1043; baseline 0.003 -20"><span class='ocrx_word' id='word_1_37' title='bbox 97 963 188 1024; x_wconf 85' lang='lat' dir='ltr'><strong>vobis</strong></span> <span class='ocrx_word' id='word_1_38' title='bbox 206 962 407 1032; x_wconf 81' lang='lat' dir='ltr'><strong>eriitnomen,</strong></span> <span class='ocrx_word' id='word_1_39' title='bbox 426 980 451 1020; x_wconf 89' lang='grc' dir='ltr'><strong>ιι</strong></span> <span class='ocrx_word' id='word_1_40' title='bbox 442 955 611 1038; x_wconf 75' lang='lat' dir='ltr'>operibus</span> <span class='ocrx_word' id='word_1_41' title='bbox 632 957 904 1041; x_wconf 84' lang='lat' dir='ltr'><strong>fuissetimpletum,</strong></span> <span class='ocrx_word' id='word_1_42' title='bbox 923 963 1108 1043; x_wconf 80' lang='lat' dir='ltr'><strong>Redemptor</strong></span> <span class='ocrx_word' id='word_1_43' title='bbox 1117 984 1201 1026; x_wconf 89' lang='lat' dir='ltr'><strong>nam·</strong></span> 
     </span>
     <span class='ocr_line' id='line_1_7' title="bbox 56 1050 1201 1141; baseline 0.003 -25"><span class='ocrx_word' id='word_1_44' title='bbox 56 1125 58 1139; x_wconf 43' lang='grc' dir='ltr'>Ι</span> <span class='ocrx_word' id='word_1_45' title='bbox 99 1077 158 1138; x_wconf 81' lang='lat' dir='ltr'><strong>que</strong></span> <span class='ocrx_word' id='word_1_46' title='bbox 172 1051 282 1118; x_wconf 76' lang='lat' dir='ltr'><strong>‘noster</strong></span> <span class='ocrx_word' id='word_1_47' title='bbox 301 1053 467 1115; x_wconf 79' lang='lat' dir='ltr'><strong>misericors</strong></span> <span class='ocrx_word' id='word_1_48' title='bbox 486 1053 517 1112; x_wconf 88' lang='lat' dir='ltr'><strong>et</strong></span> <span class='ocrx_word' id='word_1_49' title='bbox 534 1050 658 1112; x_wconf 89' lang='lat' dir='ltr'><strong>multum</strong></span> <span class='ocrx_word' id='word_1_50' title='bbox 678 1053 833 1114; x_wconf 86' lang='lat' dir='ltr'><strong>miserator</strong></span> <span class='ocrx_word' id='word_1_51' title='bbox 850 1055 996 1118; x_wconf 86' lang='lat' dir='ltr'><strong>Dominus</strong></span> <span class='ocrx_word' id='word_1_52' title='bbox 1019 1056 1078 1120; x_wconf 89' lang='lat' dir='ltr'><strong>illis</strong></span> <span class='ocrx_word' id='word_1_53' title='bbox 1097 1061 1201 1141; x_wconf 88' lang='lat' dir='ltr'><strong>propi-</strong></span> 
     </span>
     <span class='ocr_line' id='line_1_8' title="bbox 98 1145 1203 1230; baseline 0.004 -20"><span class='ocrx_word' id='word_1_54' title='bbox 98 1149 193 1210; x_wconf 80' lang='lat' dir='ltr'><strong>tiator</strong></span> <span class='ocrx_word' id='word_1_55' title='bbox 220 1149 346 1222; x_wconf 77' lang='lat' dir='ltr'><strong>exsistit,</strong></span> <span class='ocrx_word' id='word_1_56' title='bbox 377 1165 452 1226; x_wconf 85' lang='lat' dir='ltr'><strong>quos</strong></span> <span class='ocrx_word' id='word_1_57' title='bbox 476 1145 600 1206; x_wconf 90' lang='lat' dir='ltr'><strong>omuino</strong></span> <span class='ocrx_word' id='word_1_58' title='bbox 633 1145 698 1206; x_wconf 90' lang='lat' dir='ltr'><strong>to&#39;ta</strong></span> <span class='ocrx_word' id='word_1_59' title='bbox 721 1147 828 1206; x_wconf 82' lang='lat' dir='ltr'><strong>mentis</strong></span> <span class='ocrx_word' id='word_1_60' title='bbox 851 1149 1019 1230; x_wconf 83' lang='lat' dir='ltr'><strong>integritate</strong></span> <span class='ocrx_word' id='word_1_61' title='bbox 1044 1152 1146 1214; x_wconf 87' lang='lat' dir='ltr'><strong>fideles</strong></span> <span class='ocrx_word' id='word_1_62' title='bbox 1171 1165 1203 1214; x_wconf 90' lang='lat' dir='ltr'><strong>et</strong></span> 
     </span>
     <span class='ocr_line' id='line_1_9' title="bbox 98 1239 1201 1322; baseline -0.005 -20"><span class='ocrx_word' id='word_1_63' title='bbox 98 1243 275 1304; x_wconf 80' lang='lat' dir='ltr'><strong>defensores</strong></span> <span class='ocrx_word' id='word_1_64' title='bbox 293 1251 410 1302; x_wconf 87' lang='lat' dir='ltr'><strong>sanctae</strong></span> <span class='ocrx_word' id='word_1_65' title='bbox 429 1259 498 1302; x_wconf 85' lang='lat' dir='ltr'><strong>suae</strong></span> <span class='ocrx_word' id='word_1_66' title='bbox 512 1239 663 1300; x_wconf 79' lang='lat' dir='ltr'><strong>Ecclesiae</strong></span> <span class='ocrx_word' id='word_1_67' title='bbox 683 1241 869 1322; x_wconf 74' lang='lat' dir='ltr'><strong>cognoverit.</strong></span> <span class='ocrx_word' id='word_1_68' title='bbox 908 1242 1011 1316; x_wconf 82' lang='lat' dir='ltr'><strong>Qualis</strong></span> <span class='ocrx_word' id='word_1_69' title='bbox 1031 1263 1201 1308; x_wconf 87' lang='lat' dir='ltr'><strong>remunera.</strong></span> 
     </span>
     <span class='ocr_line' id='line_1_10' title="bbox 96 1324 1202 1414; baseline -0.001 -12"><span class='ocrx_word' id='word_1_70' title='bbox 96 1324 148 1402; x_wconf 81' lang='lat' dir='ltr'><strong>tio&#39;</strong></span> <span class='ocrx_word' id='word_1_71' title='bbox 166 1348 217 1396; x_wconf 87' lang='lat' dir='ltr'><strong>aut</strong></span> <span class='ocrx_word' id='word_1_72' title='bbox 234 1355 346 1396; x_wconf 88' lang='lat' dir='ltr'><strong>merces</strong></span> <span class='ocrx_word' id='word_1_73' title='bbox 364 1332 417 1394; x_wconf 93' lang='lat' dir='ltr'><strong>sub</strong></span> <span class='ocrx_word' id='word_1_74' title='bbox 439 1332 523 1394; x_wconf 88' lang='lat' dir='ltr'><strong>caelo</strong></span> <span class='ocrx_word' id='word_1_75' title='bbox 543 1331 731 1394; x_wconf 85' lang='lat' dir='ltr'><strong>existimanda</strong></span> <span class='ocrx_word' id='word_1_76' title='bbox 752 1343 783 1393; x_wconf 89' lang='lat' dir='ltr'><strong>et</strong></span> <span class='ocrx_word' id='word_1_77' title='bbox 802 1337 992 1412; x_wconf 86' lang='lat' dir='ltr'><strong>coaequanda</strong></span> <span class='ocrx_word' id='word_1_78' title='bbox 1011 1348 1056 1398; x_wconf 88' lang='lat' dir='ltr'><strong>est</strong></span> <span class='ocrx_word' id='word_1_79' title='bbox 1075 1339 1112 1400; x_wconf 91' lang='lat' dir='ltr'><strong>ad</strong></span> <span class='ocrx_word' id='word_1_80' title='bbox 1127 1359 1202 1414; x_wconf 86' lang='lat' dir='ltr'><strong>cam,</strong></span> 
     </span>
     <span class='ocr_line' id='line_1_11' title="bbox 99 1424 1203 1512; baseline 0.002 -22"><span class='ocrx_word' id='word_1_81' title='bbox 99 1449 178 1509; x_wconf 80' lang='lat' dir='ltr'><strong>quaec</strong></span> <span class='ocrx_word' id='word_1_82' title='bbox 198 1449 253 1509; x_wconf 92' lang='lat' dir='ltr'><strong>pro</strong></span> <span class='ocrx_word' id='word_1_83' title='bbox 274 1427 448 1490; x_wconf 75' lang='lat' dir='ltr'><strong>defensione</strong></span> <span class='ocrx_word' id='word_1_84' title='bbox 460 1425 520 1488; x_wconf 82' lang='lat' dir='ltr'><strong>Dei</strong></span> <span class='ocrx_word' id='word_1_85' title='bbox 529 1425 682 1486; x_wconf 77' lang='lat' dir='ltr'><strong>Ecclesiae</strong></span> <span class='ocrx_word' id='word_1_86' title='bbox 702 1437 734 1485; x_wconf 89' lang='lat' dir='ltr'><strong>et</strong></span> <span class='ocrx_word' id='word_1_87' title='bbox 751 1427 855 1488; x_wconf 90' lang='lat' dir='ltr'><strong>domus</strong></span> <span class='ocrx_word' id='word_1_88' title='bbox 875 1424 910 1484; x_wconf 76' lang='lat' dir='ltr'><strong>B:</strong></span> <span class='ocrx_word' id='word_1_89' title='bbox 929 1425 1014 1488; x_wconf 88' lang='lat' dir='ltr'><strong>Petri</strong></span> <span class='ocrx_word' id='word_1_90' title='bbox 1031 1442 1075 1492; x_wconf 88' lang='lat' dir='ltr'><strong>est</strong></span> <span class='ocrx_word' id='word_1_91' title='bbox 1092 1451 1203 1512; x_wconf 86' lang='lat' dir='ltr'><strong>repen·</strong></span> 
     </span>
     <span class='ocr_line' id='line_1_12' title="bbox 97 1519 1257 1598; baseline 0.005 -16"><span class='ocrx_word' id='word_1_92' title='bbox 97 1523 215 1582; x_wconf 77' lang='lat' dir='ltr'><strong>denda?</strong></span> <span class='ocrx_word' id='word_1_93' title='bbox 253 1521 327 1582; x_wconf 90' lang='lat' dir='ltr'><strong>Ideo</strong></span> <span class='ocrx_word' id='word_1_94' title='bbox 347 1539 474 1598; x_wconf 88' lang='lat' dir='ltr'><strong>namque</strong></span> <span class='ocrx_word' id='word_1_95' title='bbox 495 1519 766 1582; x_wconf 81' lang='lat' dir='ltr'><strong>excellentissimam</strong></span> <span class='ocrx_word' id='word_1_96' title='bbox 786 1530 817 1580; x_wconf 84' lang='lat' dir='ltr'><strong>et</strong></span> <span class='ocrx_word' id='word_1_97' title='bbox 835 1540 853 1580; x_wconf 84' lang='lat' dir='ltr'><strong>a</strong></span> <span class='ocrx_word' id='word_1_98' title='bbox 871 1519 1123 1598; x_wconf 81' lang='lat' dir='ltr'><strong>Deoprotectar&#39;n</strong></span> <span class='ocrx_word' id='word_1_99' title='bbox 1139 1527 1203 1588; x_wconf 87' lang='lat' dir='ltr'><strong>Bo-</strong></span> <span class='ocrx_word' id='word_1_100' title='bbox 1251 1541 1257 1560; x_wconf 85' lang='lat'><strong><em>¹</em></strong></span> 
     </span>
     <span class='ocr_line' id='line_1_13' title="bbox 96 1609 1275 1696; baseline 0 -20"><span class='ocrx_word' id='word_1_101' title='bbox 96 1616 222 1676; x_wconf 87' lang='lat' dir='ltr'><strong>nitatem</strong></span> <span class='ocrx_word' id='word_1_102' title='bbox 247 1626 373 1674; x_wconf 88' lang='lat' dir='ltr'><strong>vestram</strong></span> <span class='ocrx_word' id='word_1_103' title='bbox 399 1631 489 1692; x_wconf 90' lang='lat' dir='ltr'><strong>super</strong></span> <span class='ocrx_word' id='word_1_104' title='bbox 513 1611 614 1674; x_wconf 82' lang='lat' dir='ltr'><strong>turbas</strong></span> <span class='ocrx_word' id='word_1_105' title='bbox 634 1612 815 1692; x_wconf 90' lang='lat' dir='ltr'><strong>populorum</strong></span> <span class='ocrx_word' id='word_1_106' title='bbox 840 1623 871 1672; x_wconf 92' lang='lat' dir='ltr'><strong>et</strong></span> <span class='ocrx_word' id='word_1_107' title='bbox 888 1611 1046 1672; x_wconf 86' lang='lat' dir='ltr'><strong>multarum</strong></span> <span class='ocrx_word' id='word_1_108' title='bbox 1071 1617 1204 1696; x_wconf 78' lang='lat' dir='ltr'><strong>gentiam</strong></span> <span class='ocrx_word' id='word_1_109' title='bbox 1271 1609 1275 1624; x_wconf 74' lang='lat'>¹</span> 
     </span>
     <span class='ocr_line' id='line_1_14' title="bbox 97 1697 1204 1790; baseline 0.004 -22"><span class='ocrx_word' id='word_1_110' title='bbox 97 1710 176 1770; x_wconf 89' lang='lat' dir='ltr'><strong>idem</strong></span> <span class='ocrx_word' id='word_1_111' title='bbox 198 1710 261 1769; x_wconf 81' lang='lat' dir='ltr'><strong>Res</strong></span> <span class='ocrx_word' id='word_1_112' title='bbox 280 1709 395 1789; x_wconf 82' lang='lat' dir='ltr'><strong>Regum</strong></span> <span class='ocrx_word' id='word_1_113' title='bbox 421 1715 452 1766; x_wconf 89' lang='grc' dir='ltr'><strong>ει</strong></span> <span class='ocrx_word' id='word_1_114' title='bbox 470 1705 616 1766; x_wconf 80' lang='lat' dir='ltr'><strong>Dominus</strong></span> <span class='ocrx_word' id='word_1_115' title='bbox 637 1697 850 1766; x_wconf 76' lang='lat' dir='ltr'><strong>dominantium</strong></span> <span class='ocrx_word' id='word_1_116' title='bbox 878 1705 972 1766; x_wconf 88' lang='lat' dir='ltr'><strong>salvos</strong></span> <span class='ocrx_word' id='word_1_117' title='bbox 992 1725 1046 1768; x_wconf 86' lang='lat' dir='ltr'><strong>vos</strong></span> <span class='ocrx_word' id='word_1_118' title='bbox 1068 1707 1204 1790; x_wconf 84' lang='lat' dir='ltr'><strong>institnit,</strong></span> 
     </span>
     <span class='ocr_line' id='line_1_15' title="bbox 95 1797 1203 1882; baseline 0.003 -21"><span class='ocrx_word' id='word_1_119' title='bbox 95 1813 130 1862; x_wconf 89' lang='lat' dir='ltr'><strong>ut</strong></span> <span class='ocrx_word' id='word_1_120' title='bbox 149 1822 278 1882; x_wconf 79' lang='lat' dir='ltr'><strong>perros</strong></span> <span class='ocrx_word' id='word_1_121' title='bbox 297 1813 395 1862; x_wconf 87' lang='lat' dir='ltr'><strong>sancta</strong></span> <span class='ocrx_word' id='word_1_122' title='bbox 415 1799 474 1860; x_wconf 89' lang='lat' dir='ltr'><strong>Dei</strong></span> <span class='ocrx_word' id='word_1_123' title='bbox 492 1799 625 1860; x_wconf 84' lang='lat' dir='ltr'><strong>Ecclesia</strong></span> <span class='ocrx_word' id='word_1_124' title='bbox 645 1798 797 1859; x_wconf 87' lang='lat' dir='ltr'><strong>exaltetur.</strong></span> <span class='ocrx_word' id='word_1_125' title='bbox 836 1797 980 1860; x_wconf 89' lang='lat' dir='ltr'><strong>Potuerat</strong></span> <span class='ocrx_word' id='word_1_126' title='bbox 998 1818 1125 1882; x_wconf 85' lang='lat' dir='ltr'><strong>namque</strong></span> <span class='ocrx_word' id='word_1_127' title='bbox 1144 1804 1203 1868; x_wconf 88' lang='lat' dir='ltr'><strong>alio</strong></span> 
     </span>
     <span class='ocr_line' id='line_1_16' title="bbox 24 1887 1212 1976; baseline 0.005 -22"><span class='ocrx_word' id='word_1_128' title='bbox 24 1935 28 1954; x_wconf 83' lang='grc'><strong>.</strong></span> <span class='ocrx_word' id='word_1_129' title='bbox 95 1898 201 1970; x_wconf 88' lang='lat' dir='ltr'><strong>modo,</strong></span> <span class='ocrx_word' id='word_1_130' title='bbox 221 1907 255 1956; x_wconf 91' lang='lat' dir='ltr'><strong>ut</strong></span> <span class='ocrx_word' id='word_1_131' title='bbox 273 1893 317 1954; x_wconf 92' lang='lat' dir='ltr'><strong>illi</strong></span> <span class='ocrx_word' id='word_1_132' title='bbox 336 1893 476 1974; x_wconf 90' lang='lat' dir='ltr'><strong>placitum</strong></span> <span class='ocrx_word' id='word_1_133' title='bbox 496 1892 608 1966; x_wconf 77' lang='lat' dir='ltr'><strong>lenisset,</strong></span> <span class='ocrx_word' id='word_1_134' title='bbox 627 1903 756 1954; x_wconf 83' lang='lat' dir='ltr'><strong>sanctam</strong></span> <span class='ocrx_word' id='word_1_135' title='bbox 768 1911 853 1960; x_wconf 87' lang='lat' dir='ltr'><strong>suum</strong></span> <span class='ocrx_word' id='word_1_136' title='bbox 872 1887 1212 1976; x_wconf 78' lang='lat' dir='ltr'><strong>uindicareEcclesium,¹</strong></span> 
     </span>
     <span class='ocr_line' id='line_1_17' title="bbox 95 1985 1204 2070; baseline -0.005 -22"><span class='ocrx_word' id='word_1_137' title='bbox 95 2001 127 2048; x_wconf 92' lang='lat' dir='ltr'><strong>et</strong></span> <span class='ocrx_word' id='word_1_138' title='bbox 146 1988 290 2048; x_wconf 89' lang='lat' dir='ltr'><strong>iustitiam</strong></span> <span class='ocrx_word' id='word_1_139' title='bbox 314 1987 359 2046; x_wconf 89' lang='lat' dir='ltr'><strong>sui</strong></span> <span class='ocrx_word' id='word_1_140' title='bbox 374 1985 526 2065; x_wconf 79' lang='lat' dir='ltr'><strong>¹Principis</strong></span> <span class='ocrx_word' id='word_1_141' title='bbox 544 1986 758 2064; x_wconf 81' lang='lat' dir='ltr'><strong>Apostolorum</strong></span> <span class='ocrx_word' id='word_1_142' title='bbox 776 1986 903 2068; x_wconf 83' lang='lat' dir='ltr'><strong>exigere.</strong></span> <span class='ocrx_word' id='word_1_143' title='bbox 949 1985 1011 2048; x_wconf 86' lang='lat' dir='ltr'><strong>Sed</strong></span> <span class='ocrx_word' id='word_1_144' title='bbox 1031 1989 1100 2070; x_wconf 75' lang='lat' dir='ltr'><strong>quiin</strong></span> <span class='ocrx_word' id='word_1_145' title='bbox 1118 2012 1204 2054; x_wconf 70' lang='lat' dir='ltr'><strong>men.</strong></span> 
     </span>
     <span class='ocr_line' id='line_1_18' title="bbox 95 2079 1203 2166; baseline 0.007 -26"><span class='ocrx_word' id='word_1_146' title='bbox 95 2093 158 2141; x_wconf 87' lang='lat' dir='ltr'><strong>tem</strong></span> <span class='ocrx_word' id='word_1_147' title='bbox 182 2089 213 2140; x_wconf 92' lang='lat' dir='ltr'><strong>et</strong></span> <span class='ocrx_word' id='word_1_148' title='bbox 234 2079 448 2136; x_wconf 84' lang='lat' dir='ltr'><strong>conscientiam</strong></span> <span class='ocrx_word' id='word_1_149' title='bbox 466 2088 607 2152; x_wconf 84' lang='lat' dir='ltr'><strong>vestram,</strong></span> <span class='ocrx_word' id='word_1_150' title='bbox 627 2099 644 2136; x_wconf 95' lang='lat' dir='ltr'><strong>a</strong></span> <span class='ocrx_word' id='word_1_151' title='bbox 662 2079 731 2138; x_wconf 93' lang='lat' dir='ltr'><strong>Deo</strong></span> <span class='ocrx_word' id='word_1_152' title='bbox 750 2090 887 2159; x_wconf 90' lang='lat' dir='ltr'><strong>protecte</strong></span> <span class='ocrx_word' id='word_1_153' title='bbox 906 2079 1063 2160; x_wconf 82' lang='lat' dir='ltr'><strong>spiritualis</strong></span> <span class='ocrx_word' id='word_1_154' title='bbox 1082 2103 1203 2166; x_wconf 87' lang='lat' dir='ltr'><strong>compa-</strong></span> 
     </span>
    </p>
   </div>
   <div class='ocr_carea' id='block_1_3' title="bbox 96 2161 1319 2247">
    <p class='ocr_par' dir='ltr' id='par_1_3' title="bbox 96 2161 1319 2247">
     <span class='ocr_line' id='line_1_19' title="bbox 96 2161 1319 2247; baseline 0.008 -17"><span class='ocrx_word' id='word_1_155' title='bbox 96 2185 154 2246; x_wconf 89' lang='lat' dir='ltr'><strong>ter,</strong></span> <span class='ocrx_word' id='word_1_156' title='bbox 175 2183 207 2231; x_wconf 92' lang='grc' dir='ltr'><strong>ει</strong></span> <span class='ocrx_word' id='word_1_157' title='bbox 227 2167 385 2229; x_wconf 79' lang='grc' dir='ltr'>ἀιιιιίιιίιιί</span> <span class='ocrx_word' id='word_1_158' title='bbox 405 2167 468 2242; x_wconf 90' lang='lat' dir='ltr'><strong>lilii,</strong></span> <span class='ocrx_word' id='word_1_159' title='bbox 489 2167 742 2247; x_wconf 80' lang='lat' dir='ltr'><strong>probare&#39;roluit,</strong></span> <span class='ocrx_word' id='word_1_160' title='bbox 760 2171 830 2230; x_wconf 92' lang='lat' dir='ltr'><strong>ideo</strong></span> <span class='ocrx_word' id='word_1_161' title='bbox 849 2183 981 2234; x_wconf 89' lang='lat' dir='ltr'><strong>nostram</strong></span> <span class='ocrx_word' id='word_1_162' title='bbox 997 2174 1204 2240; x_wconf 82' lang='lat' dir='ltr'><strong>infelicitatem</strong></span> <span class='ocrx_word' id='word_1_163' title='bbox 1272 2225 1274 2233; x_wconf 83' lang='lat'>.</span> <span class='ocrx_word' id='word_1_164' title='bbox 1308 2161 1319 2246; x_wconf 69' lang='lat'><strong>⁸,</strong></span> 
     </span>
    </p>
   </div>
   <div class='ocr_carea' id='block_1_4' title="bbox 96 2258 1206 2622">
    <p class='ocr_par' dir='ltr' id='par_1_4' title="bbox 96 2258 1206 2622">
     <span class='ocr_line' id='line_1_20' title="bbox 97 2258 1204 2345; baseline 0.002 -19"><span class='ocrx_word' id='word_1_165' title='bbox 97 2268 135 2326; x_wconf 89' lang='lat' dir='ltr'><strong>ad</strong></span> <span class='ocrx_word' id='word_1_166' title='bbox 160 2286 214 2328; x_wconf 84' lang='lat' dir='ltr'><strong>vos</strong></span> <span class='ocrx_word' id='word_1_167' title='bbox 239 2261 342 2323; x_wconf 89' lang='lat' dir='ltr'><strong>venire</strong></span> <span class='ocrx_word' id='word_1_168' title='bbox 367 2261 530 2340; x_wconf 88' lang='lat' dir='ltr'><strong>praecepit.</strong></span> <span class='ocrx_word' id='word_1_169' title='bbox 577 2258 764 2320; x_wconf 88' lang='lat' dir='ltr'><strong>Tradidimus</strong></span> <span class='ocrx_word' id='word_1_170' title='bbox 790 2263 867 2322; x_wconf 90' lang='lat' dir='ltr'><strong>enim</strong></span> <span class='ocrx_word' id='word_1_171' title='bbox 894 2285 1003 2345; x_wconf 90' lang='lat' dir='ltr'><strong>corpus</strong></span> <span class='ocrx_word' id='word_1_172' title='bbox 1029 2281 1059 2328; x_wconf 91' lang='lat' dir='ltr'><strong>et</strong></span> <span class='ocrx_word' id='word_1_173' title='bbox 1078 2272 1204 2336; x_wconf 62' lang='lat' dir='ltr'><strong>aninum</strong></span> 
     </span>
     <span class='ocr_line' id='line_1_21' title="bbox 97 2351 1206 2441; baseline 0.005 -24"><span class='ocrx_word' id='word_1_174' title='bbox 97 2370 232 2420; x_wconf 86' lang='lat' dir='ltr'><strong>nostram</strong></span> <span class='ocrx_word' id='word_1_175' title='bbox 256 2357 286 2416; x_wconf 89' lang='lat' dir='ltr'><strong>in</strong></span> <span class='ocrx_word' id='word_1_176' title='bbox 305 2355 419 2436; x_wconf 84' lang='lat' dir='ltr'><strong>magnis</strong></span> <span class='ocrx_word' id='word_1_177' title='bbox 439 2353 593 2414; x_wconf 88' lang='lat' dir='ltr'><strong>laboribus</strong></span> <span class='ocrx_word' id='word_1_178' title='bbox 617 2352 657 2424; x_wconf 86' lang='lat' dir='ltr'><strong>ad</strong></span> <span class='ocrx_word' id='word_1_179' title='bbox 679 2351 756 2414; x_wconf 76' lang='grc' dir='ltr'>ιίιιιι</span> <span class='ocrx_word' id='word_1_180' title='bbox 775 2353 936 2432; x_wconf 83' lang='lat' dir='ltr'><strong>spatiosam</strong></span> <span class='ocrx_word' id='word_1_181' title='bbox 961 2370 992 2416; x_wconf 91' lang='lat' dir='ltr'><strong>et</strong></span> <span class='ocrx_word' id='word_1_182' title='bbox 1010 2359 1206 2441; x_wconf 84' lang='lat' dir='ltr'><strong>longinquam</strong></span> 
     </span>
     <span class='ocr_line' id='line_1_22' title="bbox 98 2445 1204 2535; baseline 0.002 -25"><span class='ocrx_word' id='word_1_183' title='bbox 98 2449 300 2530; x_wconf 89' lang='lat' dir='ltr'><strong>provinciam:</strong></span> <span class='ocrx_word' id='word_1_184' title='bbox 323 2449 410 2509; x_wconf 75' lang='lat' dir='ltr'><strong>«valde</strong></span> <span class='ocrx_word' id='word_1_185' title='bbox 430 2447 475 2508; x_wconf 86' lang='lat' dir='ltr'><strong>fisi</strong></span> <span class='ocrx_word' id='word_1_186' title='bbox 496 2447 528 2506; x_wconf 89' lang='lat' dir='ltr'><strong>in</strong></span> <span class='ocrx_word' id='word_1_187' title='bbox 547 2457 644 2508; x_wconf 86' lang='lat' dir='ltr'><strong>vestra</strong></span> <span class='ocrx_word' id='word_1_188' title='bbox 662 2445 738 2524; x_wconf 87' lang='lat' dir='ltr'><strong>fide,</strong></span> <span class='ocrx_word' id='word_1_189' title='bbox 765 2467 820 2527; x_wconf 90' lang='lat' dir='ltr'><strong>per</strong></span> <span class='ocrx_word' id='word_1_190' title='bbox 839 2447 899 2508; x_wconf 91' lang='lat' dir='ltr'><strong>Dei</strong></span> <span class='ocrx_word' id='word_1_191' title='bbox 918 2459 1021 2508; x_wconf 80' lang='lat' dir='ltr'><strong>numm</strong></span> <span class='ocrx_word' id='word_1_192' title='bbox 1040 2450 1112 2514; x_wconf 89' lang='lat' dir='ltr'><strong>illue</strong></span> <span class='ocrx_word' id='word_1_193' title='bbox 1131 2475 1204 2535; x_wconf 84' lang='lat' dir='ltr'><strong>pro.</strong></span> 
     </span>
     <span class='ocr_line' id='line_1_23' title="bbox 96 2540 1204 2622; baseline 0.008 -21"><span class='ocrx_word' id='word_1_194' title='bbox 96 2544 172 2604; x_wconf 82' lang='lat' dir='ltr'><strong>fecti</strong></span> <span class='ocrx_word' id='word_1_195' title='bbox 191 2564 299 2616; x_wconf 83' lang='lat' dir='ltr'><strong>sumus,</strong></span> <span class='ocrx_word' id='word_1_196' title='bbox 318 2541 419 2602; x_wconf 81' lang='lat' dir='ltr'><strong>afflicti</strong></span> <span class='ocrx_word' id='word_1_197' title='bbox 439 2541 469 2600; x_wconf 88' lang='lat' dir='ltr'><strong>in</strong></span> <span class='ocrx_word' id='word_1_198' title='bbox 489 2542 557 2602; x_wconf 81' lang='lat' dir='ltr'><strong>nive</strong></span> <span class='ocrx_word' id='word_1_199' title='bbox 577 2553 607 2601; x_wconf 89' lang='lat' dir='ltr'><strong>et</strong></span> <span class='ocrx_word' id='word_1_200' title='bbox 626 2540 750 2622; x_wconf 85' lang='lat' dir='ltr'><strong>frigore,</strong></span> <span class='ocrx_word' id='word_1_201' title='bbox 774 2551 857 2600; x_wconf 87' lang='lat' dir='ltr'><strong>aestu</strong></span> <span class='ocrx_word' id='word_1_202' title='bbox 877 2552 1058 2620; x_wconf 89' lang='lat' dir='ltr'><strong>etequarum</strong></span> <span class='ocrx_word' id='word_1_203' title='bbox 1076 2545 1204 2610; x_wconf 89' lang='lat' dir='ltr'><strong>inunda-</strong></span> 
     </span>
    </p>
   </div>
   <div class='ocr_carea' id='block_1_5' title="bbox 27 2727 1281 4403">
    <p class='ocr_par' dir='ltr' id='par_1_5' title="bbox 27 2727 1281 4378">
     <span class='ocr_line' id='line_1_24' title="bbox 98 2727 1202 2815; baseline -0.004 -25"><span class='ocrx_word' id='word_1_204' title='bbox 98 2730 189 2790; x_wconf 87' lang='lat' dir='ltr'><strong>versis</strong></span> <span class='ocrx_word' id='word_1_205' title='bbox 214 2730 360 2808; x_wconf 88' lang='lat' dir='ltr'><strong>periculis.</strong></span> <span class='ocrx_word' id='word_1_206' title='bbox 405 2729 525 2790; x_wconf 88' lang='lat' dir='ltr'><strong>Etenim</strong></span> <span class='ocrx_word' id='word_1_207' title='bbox 551 2728 620 2798; x_wconf 86' lang='lat' dir='ltr'><strong>dum</strong></span> <span class='ocrx_word' id='word_1_208' title='bbox 643 2727 746 2796; x_wconf 80' lang='lat' dir='ltr'><strong>vestris</strong></span> <span class='ocrx_word' id='word_1_209' title='bbox 764 2727 911 2788; x_wconf 87' lang='lat' dir='ltr'><strong>mellifluis</strong></span> <span class='ocrx_word' id='word_1_210' title='bbox 937 2728 1091 2793; x_wconf 89' lang='lat' dir='ltr'><strong>obtutibus</strong></span> <span class='ocrx_word' id='word_1_211' title='bbox 1115 2755 1202 2815; x_wconf 80' lang='lat' dir='ltr'><strong>prae.</strong></span> 
     </span>
     <span class='ocr_line' id='line_1_25' title="bbox 98 2821 1203 2902; baseline 0.006 -19"><span class='ocrx_word' id='word_1_212' title='bbox 98 2824 207 2885; x_wconf 89' lang='lat' dir='ltr'><strong>sentati</strong></span> <span class='ocrx_word' id='word_1_213' title='bbox 232 2845 345 2898; x_wconf 88' lang='lat' dir='ltr'><strong>sumus,</strong></span> <span class='ocrx_word' id='word_1_214' title='bbox 376 2843 478 2884; x_wconf 88' lang='lat' dir='ltr'><strong>omnes</strong></span> <span class='ocrx_word' id='word_1_215' title='bbox 505 2843 605 2883; x_wconf 86' lang='lat' dir='ltr'><strong>causas</strong></span> <span class='ocrx_word' id='word_1_216' title='bbox 634 2821 777 2902; x_wconf 90' lang='lat' dir='ltr'><strong>principis</strong></span> <span class='ocrx_word' id='word_1_217' title='bbox 795 2821 1017 2902; x_wconf 74' lang='lat' dir='ltr'><strong>Apostolorum</strong></span> <span class='ocrx_word' id='word_1_218' title='bbox 1042 2825 1074 2886; x_wconf 89' lang='lat' dir='ltr'><strong>in</strong></span> <span class='ocrx_word' id='word_1_219' title='bbox 1099 2830 1203 2892; x_wconf 82' lang='lat' dir='ltr'><strong>restris</strong></span> 
     </span>
     <span class='ocr_line' id='line_1_26' title="bbox 98 2915 1202 2997; baseline 0.006 -21"><span class='ocrx_word' id='word_1_220' title='bbox 98 2917 234 2978; x_wconf 89' lang='lat' dir='ltr'><strong>manibus</strong></span> <span class='ocrx_word' id='word_1_221' title='bbox 255 2915 538 2987; x_wconf 78' lang='lat' dir='ltr'><strong>commendavimus3</strong></span> <span class='ocrx_word' id='word_1_222' title='bbox 557 2915 696 2995; x_wconf 90' lang='lat' dir='ltr'><strong>quoniam</strong></span> <span class='ocrx_word' id='word_1_223' title='bbox 717 2915 835 2994; x_wconf 87' lang='lat' dir='ltr'><strong>quidem</strong></span> <span class='ocrx_word' id='word_1_224' title='bbox 854 2915 990 2996; x_wconf 86' lang='lat' dir='ltr'><strong>inspirati</strong></span> <span class='ocrx_word' id='word_1_225' title='bbox 1009 2937 1026 2978; x_wconf 89' lang='lat' dir='ltr'><strong>a</strong></span> <span class='ocrx_word' id='word_1_226' title='bbox 1045 2918 1131 2997; x_wconf 91' lang='lat' dir='ltr'><strong>Deo,</strong></span> <span class='ocrx_word' id='word_1_227' title='bbox 1151 2944 1202 2982; x_wconf 90' lang='lat' dir='ltr'><strong>au-</strong></span> 
     </span>
     <span class='ocr_line' id='line_1_27' title="bbox 98 3007 1201 3090; baseline -0.005 -20"><span class='ocrx_word' id='word_1_228' title='bbox 98 3031 161 3072; x_wconf 88' lang='lat' dir='ltr'><strong>rem</strong></span> <span class='ocrx_word' id='word_1_229' title='bbox 186 3009 383 3090; x_wconf 88' lang='lat' dir='ltr'><strong>petitionibus</strong></span> <span class='ocrx_word' id='word_1_230' title='bbox 404 3008 517 3070; x_wconf 79' lang='lat' dir='ltr'><strong>&#39;nostris</strong></span> <span class='ocrx_word' id='word_1_231' title='bbox 542 3008 769 3068; x_wconf 84' lang='lat' dir='ltr'><strong>adcommodare</strong></span> <span class='ocrx_word' id='word_1_232' title='bbox 793 3007 907 3090; x_wconf 82' lang='lat' dir='ltr'><strong>dignati</strong></span> <span class='ocrx_word' id='word_1_233' title='bbox 927 3010 1011 3087; x_wconf 85' lang='lat' dir='ltr'><strong>estis,</strong></span> <span class='ocrx_word' id='word_1_234' title='bbox 1038 3024 1146 3074; x_wconf 71' lang='lat' dir='ltr'><strong>etvos</strong></span> <span class='ocrx_word' id='word_1_235' title='bbox 1164 3015 1201 3080; x_wconf 77' lang='lat' dir='ltr'><strong>B,</strong></span> 
     </span>
     <span class='ocr_line' id='line_1_28' title="bbox 99 3101 1202 3182; baseline -0.001 -22"><span class='ocrx_word' id='word_1_236' title='bbox 99 3102 189 3164; x_wconf 86' lang='lat' dir='ltr'><strong>Petro</strong></span> <span class='ocrx_word' id='word_1_237' title='bbox 218 3101 344 3181; x_wconf 84' lang='lat' dir='ltr'><strong>polliciti</strong></span> <span class='ocrx_word' id='word_1_238' title='bbox 371 3103 439 3164; x_wconf 88' lang='lat' dir='ltr'><strong>estis</strong></span> <span class='ocrx_word' id='word_1_239' title='bbox 459 3103 524 3162; x_wconf 89' lang='lat' dir='ltr'><strong>eius</strong></span> <span class='ocrx_word' id='word_1_240' title='bbox 544 3101 682 3162; x_wconf 85' lang='lat' dir='ltr'><strong>iustitiam</strong></span> <span class='ocrx_word' id='word_1_241' title='bbox 702 3101 837 3182; x_wconf 81' lang='lat' dir='ltr'><strong>exigere,</strong></span> <span class='ocrx_word' id='word_1_242' title='bbox 860 3111 890 3160; x_wconf 90' lang='lat' dir='ltr'><strong>et</strong></span> <span class='ocrx_word' id='word_1_243' title='bbox 909 3103 1115 3170; x_wconf 79' lang='lat' dir='ltr'><strong>defensionem</strong></span> <span class='ocrx_word' id='word_1_244' title='bbox 1134 3128 1202 3168; x_wconf 74' lang='lat' dir='ltr'><strong>san.</strong></span> 
     </span>
     <span class='ocr_line' id='line_1_29' title="bbox 101 3193 1202 3278; baseline 0.004 -22"><span class='ocrx_word' id='word_1_245' title='bbox 101 3203 159 3256; x_wconf 89' lang='lat' dir='ltr'><strong>ctae</strong></span> <span class='ocrx_word' id='word_1_246' title='bbox 172 3194 238 3254; x_wconf 90' lang='lat' dir='ltr'><strong>Dei</strong></span> <span class='ocrx_word' id='word_1_247' title='bbox 248 3195 397 3256; x_wconf 84' lang='lat' dir='ltr'><strong>Ecclesiae</strong></span> <span class='ocrx_word' id='word_1_248' title='bbox 417 3215 590 3276; x_wconf 88' lang='lat' dir='ltr'><strong>procurare,</strong></span> <span class='ocrx_word' id='word_1_249' title='bbox 610 3207 641 3255; x_wconf 89' lang='lat' dir='ltr'><strong>et</strong></span> <span class='ocrx_word' id='word_1_250' title='bbox 659 3206 693 3254; x_wconf 91' lang='grc' dir='ltr'><strong>ιιι</strong></span> <span class='ocrx_word' id='word_1_251' title='bbox 711 3213 781 3257; x_wconf 87' lang='lat' dir='ltr'><strong>vere</strong></span> <span class='ocrx_word' id='word_1_252' title='bbox 802 3193 993 3274; x_wconf 84' lang='lat' dir='ltr'><strong>fidelesDeo,</strong></span> <span class='ocrx_word' id='word_1_253' title='bbox 1013 3210 1202 3278; x_wconf 87' lang='lat' dir='ltr'><strong>puramente</strong></span> 
     </span>
     <span class='ocr_line' id='line_1_30' title="bbox 100 3287 1201 3367; baseline 0.002 -19"><span class='ocrx_word' id='word_1_254' title='bbox 100 3309 150 3367; x_wconf 89' lang='lat' dir='ltr'><strong>pro</strong></span> <span class='ocrx_word' id='word_1_255' title='bbox 170 3287 349 3348; x_wconf 81' lang='lat' dir='ltr'><strong>defensione</strong></span> <span class='ocrx_word' id='word_1_256' title='bbox 361 3287 421 3347; x_wconf 89' lang='lat' dir='ltr'><strong>Dei</strong></span> <span class='ocrx_word' id='word_1_257' title='bbox 433 3290 584 3351; x_wconf 87' lang='lat' dir='ltr'><strong>Ecclesiae</strong></span> <span class='ocrx_word' id='word_1_258' title='bbox 598 3289 795 3349; x_wconf 88' lang='lat' dir='ltr'><strong>dimicandum</strong></span> <span class='ocrx_word' id='word_1_259' title='bbox 804 3290 992 3366; x_wconf 87' lang='lat' dir='ltr'><strong>properastis.</strong></span> <span class='ocrx_word' id='word_1_260' title='bbox 1033 3287 1093 3346; x_wconf 87' lang='lat' dir='ltr'><strong>Sed</strong></span> <span class='ocrx_word' id='word_1_261' title='bbox 1104 3289 1201 3350; x_wconf 76' lang='lat' dir='ltr'><strong>omni-</strong></span> 
     </span>
     <span class='ocr_line' id='line_1_31' title="bbox 27 3377 1200 3459; baseline 0.002 -17"><span class='ocrx_word' id='word_1_262' title='bbox 27 3403 29 3414; x_wconf 67' lang='grc'>’</span> <span class='ocrx_word' id='word_1_263' title='bbox 99 3394 207 3459; x_wconf 88' lang='lat' dir='ltr'><strong>potens</strong></span> <span class='ocrx_word' id='word_1_264' title='bbox 227 3378 392 3454; x_wconf 86' lang='lat' dir='ltr'><strong>Dominus,</strong></span> <span class='ocrx_word' id='word_1_265' title='bbox 417 3382 468 3459; x_wconf 91' lang='lat' dir='ltr'><strong>qui</strong></span> <span class='ocrx_word' id='word_1_266' title='bbox 489 3382 617 3442; x_wconf 83' lang='lat' dir='ltr'><strong>conterit</strong></span> <span class='ocrx_word' id='word_1_267' title='bbox 636 3381 714 3440; x_wconf 87' lang='lat' dir='ltr'><strong>bella</strong></span> <span class='ocrx_word' id='word_1_268' title='bbox 734 3381 771 3438; x_wconf 88' lang='lat' dir='ltr'><strong>ab</strong></span> <span class='ocrx_word' id='word_1_269' title='bbox 791 3378 894 3451; x_wconf 88' lang='lat' dir='ltr'><strong>initio,</strong></span> <span class='ocrx_word' id='word_1_270' title='bbox 914 3377 965 3456; x_wconf 75' lang='lat' dir='ltr'><strong>qut</strong></span> <span class='ocrx_word' id='word_1_271' title='bbox 982 3377 1126 3459; x_wconf 90' lang='lat' dir='ltr'><strong>superbos</strong></span> <span class='ocrx_word' id='word_1_272' title='bbox 1145 3383 1200 3444; x_wconf 90' lang='lat' dir='ltr'><strong>bu-</strong></span> 
     </span>
     <span class='ocr_line' id='line_1_32' title="bbox 99 3463 1200 3549; baseline 0.002 -15"><span class='ocrx_word' id='word_1_273' title='bbox 99 3474 207 3549; x_wconf 88' lang='lat' dir='ltr'><strong>miliat,</strong></span> <span class='ocrx_word' id='word_1_274' title='bbox 232 3485 263 3534; x_wconf 88' lang='lat' dir='ltr'><strong>et</strong></span> <span class='ocrx_word' id='word_1_275' title='bbox 281 3463 407 3532; x_wconf 88' lang='lat' dir='ltr'><strong>bumiles</strong></span> <span class='ocrx_word' id='word_1_276' title='bbox 425 3471 541 3546; x_wconf 85' lang='lat' dir='ltr'><strong>exaltat,</strong></span> <span class='ocrx_word' id='word_1_277' title='bbox 562 3470 643 3532; x_wconf 86' lang='lat' dir='ltr'><strong>illico</strong></span> <span class='ocrx_word' id='word_1_278' title='bbox 663 3471 801 3532; x_wconf 86' lang='lat' dir='ltr'><strong>iustitiam</strong></span> <span class='ocrx_word' id='word_1_279' title='bbox 819 3471 855 3530; x_wconf 90' lang='grc' dir='ltr'><strong>Β.</strong></span> <span class='ocrx_word' id='word_1_280' title='bbox 875 3471 958 3534; x_wconf 87' lang='lat' dir='ltr'><strong>Petri</strong></span> <span class='ocrx_word' id='word_1_281' title='bbox 975 3483 1089 3537; x_wconf 81' lang='lat' dir='ltr'><strong>vestrae</strong></span> <span class='ocrx_word' id='word_1_282' title='bbox 1105 3475 1200 3536; x_wconf 90' lang='lat' dir='ltr'><strong>Boni·</strong></span> 
     </span>
     <span class='ocr_line' id='line_1_33' title="bbox 99 3563 1199 3649; baseline 0.002 -23"><span class='ocrx_word' id='word_1_283' title='bbox 99 3568 151 3626; x_wconf 88' lang='lat' dir='ltr'><strong>tati</strong></span> <span class='ocrx_word' id='word_1_284' title='bbox 174 3578 208 3628; x_wconf 89' lang='lat' dir='ltr'><strong>et</strong></span> <span class='ocrx_word' id='word_1_285' title='bbox 232 3566 369 3628; x_wconf 89' lang='lat' dir='ltr'><strong>omnibus</strong></span> <span class='ocrx_word' id='word_1_286' title='bbox 391 3563 566 3626; x_wconf 83' lang='lat' dir='ltr'><strong>Christianis</strong></span> <span class='ocrx_word' id='word_1_287' title='bbox 586 3565 811 3642; x_wconf 84' lang='lat' dir='ltr'><strong>demonstrarit,</strong></span> <span class='ocrx_word' id='word_1_288' title='bbox 840 3577 870 3626; x_wconf 89' lang='lat' dir='ltr'><strong>et</strong></span> <span class='ocrx_word' id='word_1_289' title='bbox 895 3567 954 3628; x_wconf 88' lang='lat' dir='ltr'><strong>tale</strong></span> <span class='ocrx_word' id='word_1_290' title='bbox 981 3566 1199 3649; x_wconf 76' lang='lat' dir='ltr'><strong>praefulgidum</strong></span> 
     </span>
     <span class='ocr_line' id='line_1_34' title="bbox 99 3658 1199 3742; baseline 0 -20"><span class='ocrx_word' id='word_1_291' title='bbox 99 3660 269 3722; x_wconf 82' lang='lat' dir='ltr'><strong>miraculum</strong></span> <span class='ocrx_word' id='word_1_292' title='bbox 284 3659 423 3735; x_wconf 88' lang='lat' dir='ltr'><strong>ostendit,</strong></span> <span class='ocrx_word' id='word_1_293' title='bbox 443 3658 530 3739; x_wconf 88' lang='lat' dir='ltr'><strong>quale</strong></span> <span class='ocrx_word' id='word_1_294' title='bbox 551 3659 673 3720; x_wconf 90' lang='lat' dir='ltr'><strong>omnino</strong></span> <span class='ocrx_word' id='word_1_295' title='bbox 693 3659 855 3742; x_wconf 82' lang='lat' dir='ltr'><strong>gloriosum</strong></span> <span class='ocrx_word' id='word_1_296' title='bbox 876 3671 919 3720; x_wconf 93' lang='lat' dir='ltr'><strong>cst</strong></span> <span class='ocrx_word' id='word_1_297' title='bbox 932 3659 1137 3722; x_wconf 80' lang='lat' dir='ltr'><strong>referendum:</strong></span> <span class='ocrx_word' id='word_1_298' title='bbox 1156 3661 1199 3722; x_wconf 91' lang='lat' dir='ltr'><strong>illi</strong></span> 
     </span>
     <span class='ocr_line' id='line_1_35' title="bbox 99 3750 1199 3832; baseline 0.004 -20"><span class='ocrx_word' id='word_1_299' title='bbox 99 3755 177 3814; x_wconf 89' lang='lat' dir='ltr'><strong>enim</strong></span> <span class='ocrx_word' id='word_1_300' title='bbox 197 3751 309 3814; x_wconf 89' lang='lat' dir='ltr'><strong>inimici</strong></span> <span class='ocrx_word' id='word_1_301' title='bbox 319 3751 380 3812; x_wconf 92' lang='lat' dir='ltr'><strong>Dei</strong></span> <span class='ocrx_word' id='word_1_302' title='bbox 399 3764 429 3814; x_wconf 89' lang='lat' dir='ltr'><strong>et</strong></span> <span class='ocrx_word' id='word_1_303' title='bbox 447 3763 565 3814; x_wconf 88' lang='lat' dir='ltr'><strong>sanctae</strong></span> <span class='ocrx_word' id='word_1_304' title='bbox 576 3750 737 3827; x_wconf 91' lang='lat' dir='ltr'><strong>Ecclesiae,</strong></span> <span class='ocrx_word' id='word_1_305' title='bbox 757 3752 808 3832; x_wconf 89' lang='lat' dir='ltr'><strong>qui</strong></span> <span class='ocrx_word' id='word_1_306' title='bbox 826 3753 858 3812; x_wconf 92' lang='lat' dir='ltr'><strong>in</strong></span> <span class='ocrx_word' id='word_1_307' title='bbox 877 3773 927 3816; x_wconf 87' lang='lat' dir='ltr'><strong>sua</strong></span> <span class='ocrx_word' id='word_1_308' title='bbox 947 3753 1104 3816; x_wconf 82' lang='lat' dir='ltr'><strong>ferocitate</strong></span> <span class='ocrx_word' id='word_1_309' title='bbox 1124 3775 1199 3816; x_wconf 90' lang='lat' dir='ltr'><strong>con-</strong></span> 
     </span>
     <span class='ocr_line' id='line_1_36' title="bbox 99 3843 1281 3931; baseline 0.003 -27"><span class='ocrx_word' id='word_1_310' title='bbox 99 3845 229 3907; x_wconf 86' lang='lat' dir='ltr'><strong>lidebant</strong></span> <span class='ocrx_word' id='word_1_311' title='bbox 238 3845 257 3922; x_wconf 84' lang='lat'><strong>,&#39;</strong></span> <span class='ocrx_word' id='word_1_312' title='bbox 285 3845 404 3906; x_wconf 83' lang='lat' dir='ltr'><strong>veloces</strong></span> <span class='ocrx_word' id='word_1_313' title='bbox 431 3845 522 3926; x_wconf 86' lang='lat' dir='ltr'><strong>pedes</strong></span> <span class='ocrx_word' id='word_1_314' title='bbox 549 3845 692 3908; x_wconf 88' lang='lat' dir='ltr'><strong>babentes</strong></span> <span class='ocrx_word' id='word_1_315' title='bbox 727 3847 764 3906; x_wconf 91' lang='lat' dir='ltr'><strong>ad</strong></span> <span class='ocrx_word' id='word_1_316' title='bbox 794 3843 985 3908; x_wconf 85' lang='lat' dir='ltr'><strong>effudendum</strong></span> <span class='ocrx_word' id='word_1_317' title='bbox 1015 3849 1199 3931; x_wconf 76' lang='lat' dir='ltr'><strong>sanguinem,</strong></span> <span class='ocrx_word' id='word_1_318' title='bbox 1278 3880 1281 3889; x_wconf 89' lang='lat'><em>·</em></span> 
     </span>
     <span class='ocr_line' id='line_1_37' title="bbox 100 3939 1197 4021; baseline 0.005 -24"><span class='ocrx_word' id='word_1_319' title='bbox 100 3958 186 4016; x_wconf 87' lang='lat' dir='ltr'><strong>snper</strong></span> <span class='ocrx_word' id='word_1_320' title='bbox 204 3939 326 3999; x_wconf 81' lang='lat' dir='ltr'><strong>brevem</strong></span> <span class='ocrx_word' id='word_1_321' title='bbox 344 3959 497 4000; x_wconf 85' lang='lat' dir='ltr'><strong>numerum</strong></span> <span class='ocrx_word' id='word_1_322' title='bbox 514 3939 618 4020; x_wconf 85' lang='lat' dir='ltr'><strong>populi</strong></span> <span class='ocrx_word' id='word_1_323' title='bbox 637 3941 727 4018; x_wconf 82' lang='lat' dir='ltr'><strong>vestri</strong></span> <span class='ocrx_word' id='word_1_324' title='bbox 736 3940 896 4014; x_wconf 86' lang='lat' dir='ltr'><strong>irruerunt,</strong></span> <span class='ocrx_word' id='word_1_325' title='bbox 916 3949 949 3998; x_wconf 89' lang='lat' dir='ltr'><strong>et</strong></span> <span class='ocrx_word' id='word_1_326' title='bbox 964 3939 1004 4000; x_wconf 87' lang='lat' dir='ltr'><strong>ita</strong></span> <span class='ocrx_word' id='word_1_327' title='bbox 1015 3962 1197 4021; x_wconf 86' lang='lat' dir='ltr'><strong>permanum</strong></span> 
     </span>
     <span class='ocr_line' id='line_1_38' title="bbox 100 4029 1197 4142; baseline 0.005 -52"><span class='ocrx_word' id='word_1_328' title='bbox 100 4029 135 4090; x_wconf 90' lang='grc' dir='ltr'><strong>Β.</strong></span> <span class='ocrx_word' id='word_1_329' title='bbox 160 4029 240 4092; x_wconf 82' lang='grc' dir='ltr'>Ρειιί</span> <span class='ocrx_word' id='word_1_330' title='bbox 266 4033 455 4142; x_wconf 79' lang='lat' dir='ltr'><strong>omnipptens</strong></span> <span class='ocrx_word' id='word_1_331' title='bbox 478 4032 624 4094; x_wconf 87' lang='lat' dir='ltr'><strong>Dominus</strong></span> <span class='ocrx_word' id='word_1_332' title='bbox 646 4033 801 4097; x_wconf 85' lang='lat' dir='ltr'><strong>uictoriam</strong></span> <span class='ocrx_word' id='word_1_333' title='bbox 824 4031 912 4094; x_wconf 89' lang='lat' dir='ltr'><strong>nobis</strong></span> <span class='ocrx_word' id='word_1_334' title='bbox 931 4031 1035 4114; x_wconf 81' lang='lat' dir='ltr'><strong>largiri</strong></span> <span class='ocrx_word' id='word_1_335' title='bbox 1052 4034 1197 4116; x_wconf 72' lang='lat' dir='ltr'><strong>,dignatus</strong></span> 
     </span>
     <span class='ocr_line' id='line_1_39' title="bbox 101 4125 1196 4236; baseline 0.006 -55"><span class='ocrx_word' id='word_1_336' title='bbox 101 4133 161 4199; x_wconf 88' lang='lat' dir='ltr'><strong>est,</strong></span> <span class='ocrx_word' id='word_1_337' title='bbox 186 4136 218 4184; x_wconf 91' lang='lat' dir='ltr'><strong>ut</strong></span> <span class='ocrx_word' id='word_1_338' title='bbox 239 4125 300 4201; x_wconf 91' lang='lat' dir='ltr'><strong>illi,</strong></span> <span class='ocrx_word' id='word_1_339' title='bbox 326 4126 376 4205; x_wconf 89' lang='lat' dir='ltr'><strong>qui</strong></span> <span class='ocrx_word' id='word_1_340' title='bbox 400 4125 627 4188; x_wconf 86' lang='lat' dir='ltr'><strong>innumerabiles</strong></span> <span class='ocrx_word' id='word_1_341' title='bbox 652 4127 830 4236; x_wconf 79' lang='lat' dir='ltr'><strong>existebant,</strong></span> <span class='ocrx_word' id='word_1_342' title='bbox 859 4147 876 4186; x_wconf 83' lang='lat' dir='ltr'><strong>a</strong></span> <span class='ocrx_word' id='word_1_343' title='bbox 894 4126 1001 4234; x_wconf 38' lang='lat' dir='ltr'><strong>&#39;paucis</strong></span> <span class='ocrx_word' id='word_1_344' title='bbox 1026 4125 1196 4188; x_wconf 86' lang='lat' dir='ltr'><strong>hominibus</strong></span> 
     </span>
     <span class='ocr_line' id='line_1_40' title="bbox 100 4213 1196 4302; baseline 0.005 -27"><span class='ocrx_word' id='word_1_345' title='bbox 100 4213 251 4284; x_wconf 83' lang='lat' dir='ltr'><strong>luissent</strong></span> <span class='ocrx_word' id='word_1_346' title='bbox 241 4219 398 4280; x_wconf 72' lang='lat' dir='ltr'><strong>interemti.</strong></span> <span class='ocrx_word' id='word_1_347' title='bbox 437 4221 477 4280; x_wconf 86' lang='lat' dir='ltr'><strong>Et</strong></span> <span class='ocrx_word' id='word_1_348' title='bbox 495 4219 638 4280; x_wconf 89' lang='lat' dir='ltr'><strong>humiliati</strong></span> <span class='ocrx_word' id='word_1_349' title='bbox 656 4232 726 4282; x_wconf 87' lang='lat' dir='ltr'><strong>sunt</strong></span> <span class='ocrx_word' id='word_1_350' title='bbox 742 4220 800 4302; x_wconf 88' lang='lat' dir='ltr'><strong>ipsi</strong></span> <span class='ocrx_word' id='word_1_351' title='bbox 820 4219 930 4280; x_wconf 80' lang='lat' dir='ltr'><strong>inimice</strong></span> <span class='ocrx_word' id='word_1_352' title='bbox 922 4220 987 4290; x_wconf 64' lang='grc' dir='ltr'><strong>’.Β</strong></span> <span class='ocrx_word' id='word_1_353' title='bbox 999 4219 1083 4278; x_wconf 87' lang='lat' dir='ltr'><strong>Petri</strong></span> <span class='ocrx_word' id='word_1_354' title='bbox 1102 4241 1196 4300; x_wconf 90' lang='lat' dir='ltr'><strong>usque</strong></span> 
     </span>
     <span class='ocr_line' id='line_1_41' title="bbox 101 4308 1195 4403; baseline 0.008 -36"><span class='ocrx_word' id='word_1_355' title='bbox 101 4308 137 4367; x_wconf 90' lang='lat' dir='ltr'><strong>ad</strong></span> <span class='ocrx_word' id='word_1_356' title='bbox 154 4320 276 4384; x_wconf 83' lang='lat' dir='ltr'><strong>terram·</strong></span> <span class='ocrx_word' id='word_1_357' title='bbox 301 4323 332 4372; x_wconf 84' lang='grc' dir='ltr'><strong>ιι</strong></span> <span class='ocrx_word' id='word_1_358' title='bbox 351 4313 392 4372; x_wconf 88' lang='lat' dir='ltr'><strong>ita</strong></span> <span class='ocrx_word' id='word_1_359' title='bbox 410 4312 550 4376; x_wconf 86' lang='lat' dir='ltr'><strong>timorem</strong></span> <span class='ocrx_word' id='word_1_360' title='bbox 572 4325 604 4374; x_wconf 91' lang='lat' dir='ltr'><strong>et</strong></span> <span class='ocrx_word' id='word_1_361' title='bbox 620 4323 781 4403; x_wconf 81' lang='lat' dir='ltr'><strong>tremorem</strong></span> <span class='ocrx_word' id='word_1_362' title='bbox 806 4313 838 4374; x_wconf 92' lang='lat' dir='ltr'><strong>in</strong></span> <span class='ocrx_word' id='word_1_363' title='bbox 857 4314 914 4376; x_wconf 83' lang='lat' dir='ltr'><strong>illis</strong></span> <span class='ocrx_word' id='word_1_364' title='bbox 932 4311 1107 4374; x_wconf 87' lang='lat' dir='ltr'><strong>Dominus</strong></span> <span class='ocrx_word' id='word_1_365' title='bbox 1098 4313 1195 4376; x_wconf 86' lang='lat' dir='ltr'><strong>unmi-</strong></span> 
     </span>
    </p>
   </div>
   <div class='ocr_carea' id='block_1_6' title="bbox 102 4400 1195 4484">
    <p class='ocr_par' dir='ltr' id='par_1_6' title="bbox 102 4400 1195 4484">
     <span class='ocr_line' id='line_1_42' title="bbox 102 4400 1195 4484; baseline 0.009 -26"><span class='ocrx_word' id='word_1_366' title='bbox 102 4400 137 4460; x_wconf 89' lang='lat' dir='ltr'><strong>sit</strong></span> <span class='ocrx_word' id='word_1_367' title='bbox 155 4423 209 4482; x_wconf 87' lang='lat' dir='ltr'><strong>per</strong></span> <span class='ocrx_word' id='word_1_368' title='bbox 227 4405 453 4468; x_wconf 73' lang='lat' dir='ltr'><strong>intercessiones</strong></span> <span class='ocrx_word' id='word_1_369' title='bbox 470 4407 506 4468; x_wconf 87' lang='lat' dir='ltr'>B</span> <span class='ocrx_word' id='word_1_370' title='bbox 525 4406 625 4484; x_wconf 86' lang='lat' dir='ltr'><strong>Petri,</strong></span> <span class='ocrx_word' id='word_1_371' title='bbox 650 4419 684 4468; x_wconf 87' lang='lat' dir='ltr'><strong>ut</strong></span> <span class='ocrx_word' id='word_1_372' title='bbox 706 4407 744 4472; x_wconf 82' lang='lat' dir='ltr'><strong>ad</strong></span> <span class='ocrx_word' id='word_1_373' title='bbox 762 4407 885 4469; x_wconf 84' lang='lat' dir='ltr'><strong>nibilum</strong></span> <span class='ocrx_word' id='word_1_374' title='bbox 906 4403 1089 4472; x_wconf 73' lang='lat' dir='ltr'><strong>devenirent</strong></span> <span class='ocrx_word' id='word_1_375' title='bbox 1123 4407 1195 4471; x_wconf 84' lang='lat' dir='ltr'><strong>Non</strong></span> 
     </span>
    </p>
   </div>
   <div class='ocr_carea' id='block_1_7' title="bbox 0 0 1486 5094">
    <p class='ocr_par' dir='ltr' id='par_1_7' title="bbox 0 0 1486 5094">
     <span class='ocr_line' id='line_1_43' title="bbox 0 0 1486 5094; baseline 0 0"><span class='ocrx_word' id='word_1_376' title='bbox 0 0 1486 5094; x_wconf 95' lang='lat' dir='ltr'><strong> </strong></span> 
     </span>
    </p>
   </div>
  </div>
 </body>
</html>
