2960 5094
21 4151 31 4340 l

21 4385 23 4478 l
110 4399 285 4488 saxonibus,
305 4399 442 4494 Ungariis
463 4421 493 4472 et
511 4409 650 4491 Hispanis
669 4407 779 4470 bellum
798 4405 933 4510 habuisse
953 4405 1066 4470 dicitur.

635 429 665 496 9
729 459 733 464 .

106 602 197 662 aeque
219 581 353 644 nobilem·
375 583 552 664 prosapiam.
576 601 579 608 ’
596 585 637 646 Et
660 588 795 667 tempore
814 589 996 668 procedente
1015 589 1124 652 fortior
1141 591 1198 654 illis

106 675 195 738 iactus
216 689 246 738 et
264 677 429 758 procerior,
450 689 480 738 ct
498 677 568 738 iude
588 678 680 740 factes
698 681 764 764 regi
784 683 897 760 carior,
917 682 1113 746 confratribus
1132 685 1198 746 vin-

107 769 209 830 dictam
228 771 307 830 lecit.
349 772 442 848 Quod
460 783 553 832 mater
571 772 674 834 videns
693 787 724 836 et
742 775 845 838 dolens
864 776 940 838 filIos
953 776 1100 860 legitimos
1111 800 1199 860 snpe-

103 863 160 924 rari
180 886 197 925 a
215 865 338 942 Karolo,
358 865 429 924 dixit
447 865 522 947 regi,
542 885 605 925 non
624 887 741 945 possunt
759 867 902 948 sufferre,
921 869 1002 952 quod
1020 872 1201 933 adulterinus

104 970 223 1038 superet
240 959 397 1041 legitimos,
415 960 467 1024 sed
487 957 636 1018 adhibebo
656 961 813 1037 medelam,
833 964 900 1044 qnia
919 963 1025 1026 saciant
1044 987 1111 1026 eum
1130 965 1203 1028 alibi

103 1051 219 1112 nutriri.
261 1053 324 1113 Rex
347 1065 444 1114 antem
468 1073 485 1112 a
510 1051 633 1112 muliere
655 1054 749 1116 vidus
772 1055 848 1116 misit
865 1056 1006 1120 Kardlum
1030 1059 1068 1120 ad
1092 1061 1203 1120 curiam

102 1145 182 1226 regis
201 1145 401 1221 Theudorici,
419 1135 527 1228 rogans
546 1156 580 1206 nt
598 1146 727 1206 enutriat
745 1167 846 1208 amore
865 1151 926 1212 eius
948 1153 1040 1214 lilium
1057 1155 1145 1215 istum
1164 1155 1203 1216 de

102 1237 197 1312 latere
210 1249 414 1318 procreatum:
447 1240 539 1315 Quod
559 1241 671 1321 etipse
690 1240 820 1322 gaudens
839 1240 918 1302 feeit
960 1231 1087 1310 Kardlus
1104 1259 1203 1310 autem

105 1342 136 1392 et
155 1343 251 1392 aetate
269 1333 396 1411 profecit
415 1353 448 1394 ac
468 1334 557 1396 animi
576 1334 700 1396 virtuter
720 1345 751 1394 et
768 1354 858 1414 saepe
877 1335 996 1400 intravit
1007 1343 1044 1403 ad
1053 1327 1202 1404 molendi„
1246 1373 1252 1384 ι

105 1424 218 1484 narium
236 1424 352 1486 visitare
371 1437 495 1488 matrem
519 1447 615 1503 suain,
640 1439 671 1488 et
697 1427 813 1506 quoties
831 1428 959 1508 respexit
978 1437 1102 1496 eundem
1118 1437 1204 1500 flevit
1294 1453 1300 1468 “

103 1537 200 1578 amare
219 1539 276 1580 nec
296 1540 409 1580 causam
429 1519 491 1586 lilio
513 1521 667 1601 quaerenti
686 1519 804 1580 iudicat.
842 1521 910 1581 Rex
924 1532 1022 1582 antem
1034 1527 1204 1609 'theodori-

104 1632 153 1670 cus
173 1623 299 1692 propter
317 1614 467 1691 aflectum,
487 1635 574 1695 quern
594 1615 631 1676 ad
649 1615 810 1696 Pippiunm
828 1613 941 1691 habuit,
959 1616 1055 1676 voluit
1075 1639 1140 1678 euru
1148 1621 1204 1681 rni-

103 1703 184 1765 litem
204 1705 314 1786 iacere,
333 1707 385 1768 sed
403 1707 466 1788 ipse
485 1709 582 1769 noluit
601 1709 637 1769 ab
657 1708 717 1768 alio
737 1707 795 1768 uisi
814 1719 907 1787 patre.
942 1705 1079 1792 Contigit
1090 1725 1205 1790 postca,

102 1810 135 1858 nt
153 1799 279 1860 Karolus
298 1800 357 1861 iret
374 1801 491 1864 visitare
515 1814 639 1863 matrem
664 1823 761 1876 suam,
791 1805 825 1862 et'
846 1802 914 1862 dum
939 1803 1114 1882 respiceret,
1139 1827 1205 1866 curu

101 1892 189 1952 lleret
208 1903 316 1970 amare,
334 1906 368 1954 nt
386 1877 502 1976 se'rupcr
520 1908 723 1971 consueverat,
740 1895 792 1956 ille
814 1895 956 1975 quaesivit
975 1917 1089 1960 cauom
1104 1897 1205 1960 lletusa
1281 1913 1289 1920 ‘

101 1987 237 2064 scdipsa
256 1986 353 2046 noluit
371 1987 516 2050 indicare:
545 1982 664 2069 tandein
688 1990 736 2052 vir
753 1989 891 2072 precibus
912 1999 942 2049 et
960 1987 1047 2062 minis
1067 1989 1207 2069 obtinuit,

101 2087 134 2136 et
148 2087 250 2152 ,mater
268 2097 335 2136 cum
353 2080 447 2138 multo
466 2083 539 2143 fletu
559 2095 589 2141 et
612 2083 725 2163 gemitu
749 2083 832 2142 dixit:
862 2083 930 2165 Ego
956 2103 1019 2142 sum
1044 2081 1104 2144 filia
1127 2085 1206 2168 regis

102 2167 288 2230 Theudorici
307 2169 482 2248 desponsata
501 2171 648 2250 Pippino,
663 2185 704 2240 ,et
721 2194 776 2251 per
795 2175 928 2235 ordinem
949 2175 1033 2252 dixit,
1053 2179 1206 2258 quomodo

101 2263 147 2322 illi
172 2276 232 2324 tres
259 2261 419 2323 consiliarii
444 2283 509 2324 curu
535 2284 570 2324 ea
594 2284 657 2325 rem
682 2263 839 2343 gessissent
861 2287 915 2345 per
933 2269 1032 2328 omnia
1052 2272 1206 2334 enarravit.

103 2357 161 2434 Ille
181 2357 347 2418 consolatus
368 2367 412 2417 est
429 2369 552 2418 matrem
566 2377 647 2417 snam
659 2357 769 2433 dicens,
790 2357 872 2435 quod
880 2378 927 2418 res
938 2359 1048 2420 bonam
1057 2361 1208 2424 obtineret

104 2451 207 2526 finem,
220 2461 249 2509 et
256 2451 351 2512 statim
361 2450 491 2531 perrexit
501 2452 538 2512 ad
551 2451 660 2512 curiam
672 2450 940 2534 regisTheodorici
951 2461 981 2510 et
994 2450 1065 2510 dixit
1074 2452 1207 2536 r'eginae,
1295 2497 1302 2508 .

105 2545 188 2623 qnod
200 2543 258 2604 filia
272 2563 322 2604 sua
332 2565 406 2604 uxor
415 2547 494 2628 regis
506 2544 629 2625 Pippini
641 2545 770 2627 graviter
779 2541 987 2619 infirmaretur,
1004 2556 1035 2604 et
1052 2547 1132 2626 quod
1146 2559 1206 2608 sta-

103 2638 157 2699 tim
170 2637 280 2715 veniat,
296 2638 320 2698 si
335 2638 406 2701 velit
421 2659 485 2700 cam
499 2639 600 2700 videre
614 2639 718 2701 vivam.
743 2637 799 2698 Illa
812 2657 880 2696 mox
892 2657 957 2698 cum
969 2650 1110 2718 apparatu
1122 2641 1206 2720 equi·

102 2744 166 2792 tum
178 2744 210 2792 et
221 2753 357 2806 cunnum
368 2730 448 2795 vadit
459 2735 496 2794 ad
508 2733 617 2794 curiam
628 2733 715 2814 regis.
739 2733 780 2792 Et
792 2731 860 2790 dnm
871 2719 966 2790 aulam
976 2731 1150 2814 ingreditur,
1160 2753 1206 2794 as·

103 2827 200 2909 surgit
217 2826 245 2886 ei
259 2826 362 2908 regina
379 2827 530 2910 ignorans,
550 2826 631 2906 quod
648 2826 710 2906 ipsa
728 2823 766 2886 sit
781 2838 855 2885 uxor
869 2823 948 2905 regis
963 2823 1156 2902 Theodorici,
1176 2838 1207 2888 et

104 2919 240 2980 nesciens
257 2918 294 2979 ad
311 2915 385 2999 quid
397 2921 522 2982 veniret.
550 2919 666 3001 Regina
681 2939 755 2978 vero
774 2917 886 2994 videns,
902 2918 983 2996 quod
998 2918 1062 2999 ipsa
1074 2919 1206 2980 Domina

103 3033 166 3074 non
178 3011 218 3073 sit
229 3011 289 3072 filia
301 3033 362 3089 sua,
372 3035 471 3075 amens
481 3015 593 3075 corruit
602 3013 634 3072 in
645 3023 764 3087 terram,
776 3023 806 3071 et
819 3012 899 3091 quasi
909 3009 1043 3090 spiritum
1055 3013 1207 3092 exhalavit,

100 3126 192 3185 quam
212 3105 314 3168 iamnli
332 3106 462 3169 levantes
480 3108 527 3170 vii
544 3107 722 3167 reiecerunt
754 3103 830 3164 Cum
850 3116 947 3164 autern
966 3105 1115 3168 modicum
1132 3128 1206 3168 cou-

104 3199 252 3274 valuisset‚
271 3199 342 3258 dixit
361 3221 377 3259 a
396 3221 537 3282 syncope,
553 3201 622 3276 heu,
642 3201 710 3275 heu,
729 3199 801 3275 Rex,
820 3199 873 3260 ubi
893 3213 938 3261 est
956 3199 1101 3273 filiamea,
1121 3219 1207 3276 quam

103 3293 190 3356 vobis
215 3292 281 3350 misi
308 3305 338 3352 et
363 3293 556 3373 desponsavi?
599 3295 718 3352 Interea
737 3291 862 3353 Karolus
887 3292 990 3351 habuit
1016 3291 1059 3348 ibi
1083 3301 1206 3352 matrem

103 3407 184 3446 suam
207 3394 396 3462 asportatam,
415 3399 445 3446 et
462 3389 539 3446 hanc
559 3387 690 3446 ostendit
707 3385 828 3463 reginae
849 3382 958 3455 dicens,
978 3383 1058 3460 quod
1078 3404 1142 3444 eam
1156 3407 1205 3446 re-

104 3479 246 3560 spicerets
259 3477 285 3548 si
304 3477 403 3555 aliquo
422 3475 513 3534 modo
526 3485 732 3556 cognosceret.
761 3474 801 3534 Et
819 3473 882 3554 ipsa
900 3473 997 3534 statim
1014 3495 1077 3535 eant
1091 3497 1206 3558 coguo-

104 3591 190 3631 scens
217 3569 300 3638 dixit:
331 3571 403 3630 haec
427 3581 472 3631 est
497 3567 556 3628 filia
574 3563 653 3630 inea:
685 3579 716 3627 et
739 3566 815 3627 sarua
833 3567 963 3626 innotuit
981 3568 1046 3649 regi
1064 3568 1205 3649 Pippino.

103 3667 145 3724 Et
163 3662 294 3724 Karolus
309 3663 443 3724 recitavit
459 3663 536 3742 patri
555 3663 620 3744 regi
637 3661 754 3742 totique
774 3661 881 3736 curiae,
902 3659 971 3740 quid
990 3659 1100 3720 factum
1120 3661 1157 3723 sit
1169 3663 1206 3724 de

104 3771 200 3820 matre
220 3777 291 3832 sua,
322 3757 411 3818 Unde
438 3777 540 3817 omnes
564 3765 791 3828 consenserunt,
818 3754 898 3834 quod
922 3753 1012 3814 morti
1040 3755 1207 3814 traderetur

106 3853 239 3912 adultera
259 3871 325 3912 cnm
344 3849 410 3909 filiis
429 3851 497 3927 suis,
517 3861 547 3910 et
566 3849 654 3910 etiarn
673 3847 725 3924 illi,
745 3847 796 3926 qni
814 3845 968 3907 consilium
980 3846 1135 3906 dederant:
1154 3845 1206 3906 sed
1225 3845 1228 3853 '

106 3955 202 4004 mater
219 3944 322 4004 Karoli
340 3944 515 4024 supplicavit
532 3963 588 4024 pro
607 3941 710 4017 milite,
730 3941 780 4021 qui
794 3960 857 4000 eam
869 3940 1080 4016 defensaverat,
1099 3949 1207 4000 utnon

106 4037 324 4098 interficeretur
348 4029 385 4098 ab
412 4037 484 4098 aliis.
535 4037 602 4116 Ipsa
634 4045 731 4095 autem
754 4045 844 4115 nocte
869 4034 984 4113 accepit
1008 4053 1059 4093 rex
1083 4043 1206 4090 matrem

106 4129 213 4189 Karoli
237 4132 268 4190 in
293 4151 427 4207 uxorem,
456 4143 487 4190 et
511 4128 652 4190 Karolum
677 4127 772 4188 statim
801 4125 872 4186 fecit
901 4126 1024 4186 militem
1051 4137 1081 4184 et
1103 4141 1207 4204 negem

106 4218 268 4300 Franciae,
297 4237 327 4285 et
351 4224 424 4284 lecit
448 4224 563 4304 nuptias
582 4224 613 4282 in
633 4221 729 4304 gloria
749 4232 779 4280 et
797 4220 999 4297 solemnitate,
1027 4219 1103 4287 sicut
1121 4215 1207 4276 decet
1315 4259 1320 4267 -
1374 4223 1379 4239 ‘

107 4334 219 4404 regem.
264 4317 323 4378 Hic
345 4309 469 4378 Karolus
493 4317 583 4376 multa
609 4315 682 4378 iecit
704 4312 797 4374 bella:
826 4313 983 4388 novissime
1013 4331 1079 4372 cum
1104 4309 1208 4384 Danis,
