2908 5094
597 423 653 492 ⁸7

73 581 195 641 tenditis
215 591 244 640 et
264 601 327 640 cunr
348 580 456 640 nostris
475 579 599 640 inimicis
619 581 860 644 coniunctionem
870 582 968 642 lacere
987 583 1083 660 vultis,
1104 565 1177 644 dum

38 685 42 694 “
71 675 135 753 ipsa
153 675 272 754 periura
290 673 559 756 Langobardorum
580 693 651 754 gens
675 693 790 756 semper
813 675 975 736 Ecclesiam
999 675 1056 736 Dei
1081 696 1171 757 expu-

19 847 20 852 Ὶ
71 778 211 848 guantes,
243 780 274 828 et
298 770 372 828 hanc
394 777 524 826 nostram
556 765 756 826 Romanorum
781 767 967 828 Provinciam
992 767 1187 846 invadentes„

70 850 163 919 nostri
184 881 247 922 esse
267 859 501 941 comprobantur
519 859 649 919 inimici?
686 859 789 938 Itaque
810 861 906 921 ethoc
924 873 1007 942 peto,
1027 861 1064 922 ad
1083 861 1171 921 vestri

18 1009 20 1024 ,
69 953 182 1015 referre
202 956 320 1016 studete
339 951 525 1026 memoriam,
551 973 588 1012 eo
614 952 695 1031 quod
721 953 787 1011 dum
807 943 1053 1014 Constantirius'
1043 973 1171 1032 rmpcra-

69 1057 117 1104 tor
135 1048 290 1108 nitebatur
309 1046 484 1128 persuadere
503 1057 620 1105 sanctae
640 1046 800 1105 memoriae
818 1047 966 1106 mitissimo
992 1058 1090 1108 vestro
1118 1065 1170 1130 ge·
1198 1079 1202 1088 .

68 1141 160 1200 nitori
186 1136 224 1201 ad
250 1140 449 1220 accipiendum
476 1140 615 1222 coniugio
641 1137 694 1196 lilii
720 1137 765 1197 sui
786 1157 951 1220 germanam
970 1151 1094 1201 vestram
1114 1155 1172 1198 no·
1253 1157 1261 1174 t

69 1231 241 1309 bilissimam
262 1233 394 1308 Gisilam,
414 1253 510 1312 neque
529 1255 582 1293 vos
602 1231 675 1292 aliae
695 1230 811 1290 nationi
837 1229 924 1288 licere
949 1232 1095 1311 copulari,
1119 1232 1171 1290 sed

67 1345 124 1384 nec
157 1338 262 1386 contra
290 1326 469 1386 uoluntatem
497 1325 687 1405 Apostolicae
721 1324 806 1384 Sedis
836 1322 1013 1387 Pontificum
1049 1341 1171 1404 quoquo

67 1419 163 1478 rnodo
184 1439 237 1479 vos
257 1419 364 1503 audere
389 1439 541 1500 peragere.
585 1420 625 1477 Et
649 1439 733 1498 quam
762 1417 801 1476 ob
828 1435 943 1476 causam
967 1436 1043 1476 nunc
1068 1429 1171 1477 contra

68 1510 244 1588 Apostolica
263 1513 416 1588 mandata,
436 1524 466 1572 et
485 1512 666 1572 voluntatem
690 1511 800 1571 Vicarii
822 1509 1037 1589 Apostolorum
1063 1510 1172 1586 princi-

69 1603 112 1680 pis
134 1625 224 1687 agere
245 1605 402 1679 conamini,
423 1606 503 1685 quod
522 1625 671 1684 nunquam
690 1617 787 1664 vester
803 1613 888 1684 pater
907 1600 1105 1682 perpetravit?
1124 1602 1171 1660 An

70 1698 189 1757 nescitis
210 1701 289 1778 quod
309 1719 372 1758 non
396 1699 597 1759 infelicitatem
624 1709 770 1774 nostram,
795 1697 846 1756 sed
870 1697 904 1754 Β.
925 1695 1061 1769 Petrum,
1092 1693 1172 1752 cuius

69 1789 168 1849 licet
159 1793 298 1851 immeriti
318 1792 395 1852 vices
416 1791 554 1873 gerimus,
573 1791 730 1871 spernitis?
754 1790 905 1870 Scriptum
925 1799 969 1848 est
989 1788 1083 1848 enim:
1112 1785 1173 1859 Qui

70 1904 119 1943 vos
139 1886 267 1964 recipit,
276 1905 324 1944 me
343 1885 461 1965 recipit,
481 1896 511 1944 et
531 1884 652 1964 quivos
671 1883 800 1962 spernit,
823 1903 871 1943 me
888 1882 1041 1962 spernit.
1038 1881 1173 1940 Recor-

68 1977 193 2051 damiui,
212 1990 294 2056 peto,
313 1977 545 2038 excellentissimi
563 1976 626 2049 lilii,
646 1977 795 2054 quomodo
819 1995 872 2036 vos
897 1975 954 2048 sule
976 1952 1081 2036 dicere
1096 1973 1172 2032 visus

69 2081 114 2128 est
141 2069 292 2148 praelatus
315 2081 413 2128 vester
437 2069 571 2128 dominus
598 2087 631 2126 ac
655 2069 788 2149 genitor,
814 2071 988 2150 promittens
1013 2067 1044 2126 ln
1068 2065 1172 2126 vestris

70 2161 223 2222 animabus
242 2163 311 2221 Deo
332 2172 363 2220 et
380 2161 416 2219 B
436 2160 546 2234 Petro,
566 2171 653 2236 atquc
674 2161 734 2218 eius
753 2162 872 2222 Vicario
898 2161 1027 2238 antelato
1054 2169 1172 2218 sauctae

70 2253 286 2316 recordatiouis
298 2252 527 2334 praedecessori
552 2263 655 2311 nostro
683 2252 793 2310 domno
814 2254 965 2332 Stephano
985 2230 1101 2331 l’apae,
1121 2252 1171 2308 lir-
1247 2263 1251 2279 ·
1289 2257 1293 2264 “

71 2350 160 2408 miter
181 2349 288 2409 debere
307 2369 359 2408 vos
379 2365 553 2427 permanere
580 2365 649 2425 erga
674 2355 792 2404 sanctae
819 2343 969 2404 Ecclesiae
993 2343 1173 2414 fidelitatem,

16 2507 17 2514 χ
72 2454 104 2500 et
124 2442 256 2502 omniurn
275 2439 463 2520 Apostolicae
485 2436 568 2499 Sedis
588 2437 767 2497 Pontificum
788 2435 1002 2507 obedientiam,
1029 2443 1058 2492 et
1077 2428 1174 2491 illiba-

72 2547 132 2594 tam
153 2535 316 2596 caritatem:
337 2544 367 2592 et
384 2532 571 2614 postmodum
591 2531 809 2611 praedecessori
830 2540 933 2590 nostro
954 2527 1064 2588 domno
1078 2521 1173 2584 Paulo

74 2627 171 2708 Papae
193 2629 381 2701 cademvos,
404 2646 462 2685 una
487 2645 552 2686 cum
579 2623 683 2684 eodem
702 2636 798 2684 vestro
820 2623 972 2705 genitore,
998 2631 1110 2680 certum
1131 2629 1175 2678 est

74 2723 246 2801 plerumque
271 2740 325 2800 per
349 2719 453 2780 Missos
479 2729 509 2777 et
530 2717 638 2797 scripta
663 2717 845 2797 promisisse:
877 2727 906 2776 et
932 2726 1001 2796 post
1024 2714 1173 2772 decessum

76 2816 198 2876 antefati
217 2825 333 2874 sanctae
352 2813 510 2873 memoriae
530 2809 620 2892 patris
639 2812 741 2886 vestri,
766 2823 796 2871 et
814 2831 867 2872 vos
886 2809 941 2890 ipsi
961 2807 1090 2888 saepius,
1113 2815 1173 2863 tam

77 2929 128 2987 per
146 2919 260 2971 vestros
280 2907 395 2981 Missos,
416 2925 560 2984 quamque
586 2925 640 2983 per
665 2904 791 2978 litteras,
811 2903 953 2986 simulque
980 2913 1010 2960 et
1028 2920 1082 2980 per
1102 2897 1172 2955 Ser-

78 3002 153 3082 gium
174 2999 371 3061 fidelissimum
390 3009 521 3057 nostrum
540 2997 830 3071 Nomenculatorem,
850 3008 879 3055 et
898 3015 951 3074 per
971 2993 1043 3052 alios
1055 3001 1173 3049 nostros
1267 3034 1270 3043 ,

78 3095 178 3156 Missos
199 3092 286 3154 nobis
305 3088 534 3200 spopondistis
524 3109 555 3147 an
577 3088 676 3148 eadem
692 3109 744 3148 vus
764 3099 858 3149 restra
877 3086 1081 3166 promissione,
1100 3081 1175 3139 sicut

79 3187 195 3267 genitor
214 3197 320 3260 vester,
339 3183 415 3244 circa
436 3193 565 3243 sanctam
584 3181 642 3241 Dei
661 3181 823 3242 Ecclesiam
849 3191 879 3240 et
897 3190 1029 3238 nostram
1048 3171 1174 3232 fidelita-

77 3290 131 3338 tem
153 3299 231 3342 esse
238 3287 483 3356 perseveraturos
535 3303 538 3312 ·

128 3371 196 3433 Sed
216 3381 246 3430 et
264 3369 337 3428 illud
356 3387 463 3446 quaeso
490 3367 527 3425 ad
551 3378 673 3428 vestram
699 3367 808 3424 referte
833 3358 1019 3434 memoriam,
1049 3353 1174 3436 qualiter

79 3485 125 3527 vos
142 3463 295 3548 praelatus
315 3459 438 3518 domnus
459 3459 625 3538 Stephanus
644 3455 772 3536 Papa,
764 3477 795 3514 ιιι
819 3475 871 3516 suo
891 3451 1030 3539 transitu,
1050 3469 1173 3529 persua

79 3560 184 3640 scripta
203 3557 256 3619 sub
276 3551 402 3614 terribili
422 3551 604 3612 adiuratione
624 3547 772 3612 adhortari
782 3547 899 3623 studuit,
918 3547 1000 3605 firma
1012 3541 1171 3604 stabilitate

80 3671 128 3712 vos
152 3671 217 3712 esse
242 3665 447 3728 permansuros
478 3665 547 3724 erga
572 3624 761 3704 dilectionem
786 3653 901 3701 sanctae
928 3639 988 3698 Dei
1013 3634 1181 3708 Ecclesiae,

83 3753 110 3800 et
131 3743 274 3802 illibatam
304 3738 454 3799 caritatem
478 3736 667 3816 Apostolicae
699 3736 782 3795 Sedis
806 3732 997 3799 Pontificuma
1022 3740 1052 3788 et
1076 3727 1173 3788 omnia

83 3855 131 3895 vos
149 3835 310 3916 adimplere
328 3829 406 3890 iuxta
425 3841 548 3891 vestram
569 3830 665 3889 eidem
678 3827 736 3888 Dei
748 3824 896 3906 Apostolo
910 3822 1067 3882 adhibitam
1081 3833 1173 3900 spon-

85 3927 202 3989 sionem
240 3929 281 3986 Et
299 3945 378 3983 nunc
397 3923 451 3982 ista
471 3933 515 3982 est
533 3933 626 3984 vestra
646 3919 820 3999 promissio?
842 3918 1019 3997 Oquantum
1040 3915 1173 3973 laborem

86 4019 216 4078 sustinuit
233 4019 324 4080 isdem
343 4016 516 4096 praecipuus
536 4035 569 4074 ac
590 4012 770 4073 beatissimus
788 3999 935 4086 Pontifex,
956 4009 1005 4088 qui
1020 4008 1060 4065 ita
1080 4003 1174 4063 imbe-
1230 4012 1232 4023 '

87 4107 156 4171 cillis
177 4112 309 4186 existens,
326 4121 410 4170 tanto
430 4129 462 4169 se
482 4107 611 4168 exhibuit
635 4103 776 4186 prolixi
766 4104 878 4164 itineris
897 4099 1044 4184 periculo;
1069 4107 1099 4154 et
1117 4091 1175 4151 nisi

87 4200 227 4265 boninus
246 4213 364 4286 praesto
386 4201 512 4276 luerit,
503 4222 534 4259 rn
553 4219 674 4259 vacuum
694 4199 754 4258 eius
774 4197 859 4258 labor
879 4197 1046 4256 deducetur.
1084 4167 1175 4245 lt'uit-

89 4313 141 4370 que
160 4289 275 4358 nobis'
267 4309 324 4357 rter
342 4295 432 4370 illud,
457 4293 537 4372 quod
562 4289 670 4350 ibidem
695 4292 772 4351 idem
797 4301 898 4350 noster
918 4279 1154 4390 praedecessor
1145 4299 1176 4338 rn

91 4384 238 4455 Franciam
254 4386 439 4472 properavit,
458 4385 498 4446 in
504 4403 636 4468 magnam
650 4385 774 4459 ruinam,
794 4383 860 4444 dum
873 4375 967 4440 nostri
985 4372 1094 4435 inimici
1113 4374 1178 4454 plus
1222 4377 1225 4384 “
