2960 5094
215 1167 469 1259 commun
484 1168 662 1240 nnumi-
678 1138 866 1228 οιιόιιιιι
881 1176 1079 1232 somnus
1175 1236 1178 1247 ,

281 1262 315 1314 ad
331 1259 421 1326 gratias
438 1260 499 1314 Deo
517 1265 627 1328 agendas
643 1284 693 1334 pro
711 1265 821 1334 acceptis
838 1266 966 1322 benefieiis
979 1268 1013 1339 ¹).

95 1355 248 1458 Domino
261 1399 337 1482 Regi
355 1402 496 1480 piissimo,
516 1405 610 1486 gratia
622 1407 681 1478 Dei
701 1406 870 1479 celsissimo,
891 1403 1001 1464 Carolo
1020 1428 1088 1470 vere
1107 1411 1196 1472 caris-

94 1491 225 1567 sissimo,
243 1515 339 1576 reguo
360 1494 470 1585 §bristi
489 1497 667 1573 rectissimo,
692 1499 810 1558 ultimus
829 1517 955 1576 namque
977 1497 1199 1582 Catbwulpbus,

94 1597 195 1644 tamen
209 1599 306 1649 vester
321 1588 450 1648 servulus
462 1588 568 1648 intimo
586 1592 676 1650 corde
692 1612 768 1670 puro
786 1590 817 1648 in
829 1589 943 1668 Spiritu
954 1589 1076 1650 salutem
1087 1608 1197 1658 sancto.
1300 1621 1305 1636 ·

94 1679 227 1738 Domine
256 1681 297 1738 mi
315 1681 393 1756 Rex,
424 1681 514 1762 igitur
539 1703 647 1762 precor
670 1695 699 1744 te
725 1695 759 1744 ut
782 1681 858 1742 illius
884 1703 1000 1762 semper
1024 1690 1200 1765 recorderis,

93 1773 170 1832 sicut
190 1775 296 1849 credo,
326 1775 377 1854 qui
401 1777 439 1835 de
458 1775 552 1836 nibilo
573 1788 604 1836 te
623 1776 746 1850 creavit,
776 1774 863 1834 etiam
884 1796 917 1834 ex
935 1775 1059 1838 minimo
1079 1777 1200 1841 fecitte

94 1867 251 1936 maximum
260 1910 331 1926 .....
350 1867 484 1948 Propriis
504 1869 591 1930 etiam
611 1867 839 1930 beatitudinibus
861 1879 891 1928 et
900 1869 1085 1948 specialibus,
1105 1873 1201 1934 oltex

93 1960 144 2034 mi,
164 1961 438 2024 bonoravittelles
457 1974 523 2022 tuus
543 1984 632 2042 super
651 1962 759 2028 alteros
780 1973 957 2022 coaetaneos
976 1975 1053 2038 tuos,
1073 1975 1104 2024 et
1112 1985 1202 2046 snper

94 2063 298 2112 antecessores
320 2063 387 2109 tuos
407 2075 518 2122 corona
538 2056 651 2136 gloriae
671 2055 772 2115 beavit
789 2067 831 2116 te.
861 2053 977 2132 Prima,
990 2058 1027 2117 de
1043 2057 1134 2139 Regis
1154 2058 1200 2117 di-

95 2143 219 2224 gnitate,
239 2141 426 2222 Reginaque,
445 2145 538 2202 sedet
554 2147 684 2222 insuper,
702 2147 820 2206 illorum
840 2169 965 2228 namque
977 2148 1113 2230 precibus
1132 2171 1201 2232 spe·

95 2234 209 2297 cialiter
220 2235 319 2294 Deum
339 2237 534 2314 precantium,
553 2235 675 2294 maxime
695 2237 804 2312 matris,
822 2240 973 2303 sicutDeo
993 2243 1113 2322 placuit,
1132 2243 1203 2306 inde
1295 2287 1298 2302 .

96 2339 258 2407 conceptus
279 2339 312 2388 et
329 2341 423 2406 natus,
436 2329 503 2390 imo
521 2327 630 2402 aDeo,
650 2327 714 2386 Rex
732 2327 786 2386 mi:
808 2341 838 2387 et
855 2333 913 2390 hoc
932 2334 1055 2392 verbum
1075 2335 1202 2418 diligen-

95 2433 143 2481 ter
160 2421 321 2482 considera.
351 2423 497 2502 Secunda,
518 2422 599 2502 quod
617 2420 833 2504 primogenitus
854 2443 895 2498 es,
916 2435 945 2502 et
964 2424 1204 2492 benedictionem

95 2513 190 2590 illius,
217 2513 292 2574 sicut
310 2515 450 2596 scriptum
471 2528 530 2592 est,
555 2513 681 2594 accipies
706 2516 783 2575 iuxta
803 2513 889 2592 illud,
918 2515 1010 2576 Οηιπσ
1022 2519 1202 2596 primogeni-

95 2624 173 2684 tum,
192 2607 272 2688 quod
287 2611 381 2686 aperit
398 2607 528 2683 valum,
553 2623 684 2669 eandum
702 2608 832 2669 Domino
851 2607 997 2682 vocamine·
1009 2611 1050 2688 ²).
1089 2611 1204 2690 Tertia,

95 2713 128 2762 ut
147 2703 184 2762 de
205 2700 302 2762 fratris
321 2702 366 2762 tui
384 2703 494 2763 insidiis
514 2703 545 2762 in
566 2701 702 2762 omnibus
721 2703 803 2762 Deus
821 2714 852 2762 te
878 2703 1079 2780 conservavit,
1107 2717 1140 2764 ut
1165 2705 1203 2767 de

95 2793 190 2856 Jacob
214 2807 244 2855 et
262 2795 341 2856 Esau
360 2794 478 2880 legitur.
508 2797 631 2871 Quarta,
652 2795 732 2874 quod
751 2794 862 2856 sortisti
880 2815 1005 2878 regnum
1025 2817 1091 2856 cum
1110 2795 1203 2858 fratre

96 2900 147 2948 tuo
167 2889 361 2950 Francorum.
407 2883 521 2964 Quinta
544 2910 608 2948 non
631 2887 783 2947 minimum
804 2900 848 2948 est
867 2888 1056 2950 beatitudiuis
1075 2891 1203 2974 signum,

97 2983 175 3062 quod
195 2981 278 3043 Deus
302 2983 452 3043 transtulit
469 2983 553 3044 illum
573 2983 609 3042 de
629 3001 724 3064 regno
744 2991 878 3057 terreno,
898 2993 929 3042 et
948 2981 1083 3044 exaltavit
1102 2995 1132 3043 te
1152 3005 1201 3043 su·

97 3096 148 3154 per
168 3097 259 3136 omne
278 3073 336 3136 hoc
355 3097 480 3159 regnum
506 3075 568 3144 sine
594 3073 743 3158 sanguinis
764 3072 920 3134 effusione.
964 3074 1040 3134 Mira
1059 3075 1152 3156 pietas
1173 3085 1204 3136 et

98 3189 202 3252 magna
223 3167 378 3229 clementia
390 3169 450 3228 Dei
468 3169 500 3228 in
519 3167 569 3230 illa
589 3168 636 3229 die
657 3188 722 3228 cum
744 3167 872 3228 exercitu
882 3167 1074 3228 Francorum.
1104 3169 1203 3242 Sexta,

101 3261 176 3339 quod
201 3261 471 3343 Longobardoruin
496 3263 638 3324 exercitus
665 3273 734 3321 ante
759 3261 865 3322 faciem
887 3271 968 3319 tuam
992 3259 1055 3318 sine
1080 3255 1202 3336 publico

100 3351 176 3414 bello
197 3345 230 3411 in
244 3353 344 3434 fugam
355 3377 519 3440 conversus.
551 3355 694 3434 Septima,
713 3353 804 3430 Alpes
825 3351 938 3407 intrasti
949 3343 1071 3408 inimicis
1084 3346 1202 3432 fugien-

98 3445 183 3522 tibus,
204 3443 457 3526 opulentissimam
477 3467 598 3526 quoque
617 3446 765 3504 civitatem
785 3437 872 3501 etiam
891 3437 1012 3520 Papiam
1033 3462 1098 3502 cum
1117 3441 1203 3526 Rege

99 3539 159 3598 sine
180 3537 293 3598 cruoris
314 3536 460 3600 effusione
481 3561 545 3600 cum
568 3535 703 3598 ommbus
724 3533 866 3596 thesauris
892 3529 952 3594 eius
973 3533 1201 3612 adprehendisti.

101 3629 222 3707 Octava,
243 3631 323 3710 quod
343 3651 461 3692 auream
484 3644 514 3693 et
532 3630 714 3714 imperialem
728 3629 851 3688 Romam
863 3627 987 3702 intrasti,
1007 3639 1037 3686 et
1048 3625 1201 3687 Italiorum

100 3742 190 3806 regna
210 3745 277 3786 cum
299 3723 434 3786 omnibus
453 3725 595 3806 preciosis
615 3743 680 3785 cum
699 3723 783 3804 Rege
802 3743 963 3806 regnorum
976 3719 1102 3780 suaiiter
1116 3741 1202 3780 acce-

100 3816 176 3894 pisti.
223 3815 351 3892 Quantis
377 3819 577 3880 etiammodis
596 3829 665 3877 ante
686 3815 790 3893 faciem
809 3827 888 3875 tuam
907 3811 1031 3874 inimicis
1049 3811 1081 3870 in
1097 3811 1201 3894 ’sugam

102 3909 248 3970 conversis
269 3923 299 3971 et
317 3909 412 3974 victor
432 3911 573 3988 exstitisti,
593 3915 623 3971 et
641 3911 699 3972 lloc
718 3909 869 3990 impletum
890 3919 933 3968 est
953 3907 988 3966 de
1007 3919 1055 4013 te,
1069 3907 1150 3984 quod
1169 3906 1202 3964 in

101 3999 223 4064 Psalmis
242 4001 362 4087 legitur,
383 4023 556 4088 quamquam
576 4007 613 4066 de
628 4001 747 4066 Christo
767 4013 798 4062 et
810 4002 846 4062 de
857 3995 954 4062 David
973 4017 1095 4060 maxune
1113 3997 1203 4060 intel·

29 4125 30 4140 κ
101 4091 217 4176 ligitur:
247 4097 410 4178 Persequar
432 4102 577 4176 mimicos,
606 4112 633 4159 et
650 4093 887 4172 comprehendam
904 4091 1016 4172 illos³)
1026 4135 1094 4152 .....
1111 4091 1202 4154 Nunc

29 4213 33 4272 Ι
102 4185 202 4270 igitur,
221 4191 350 4252 Domine
366 4193 406 4254 mi
417 4185 492 4270 Ren,¹
508 4213 564 4274 pro
583 4191 628 4252 bis
647 4190 742 4252 modis
762 4189 974 4250 beatitudinum
993 4195 1083 4246 nocte
1104 4193 1135 4244 et
1153 4183 1202 4244 die

104 4316 301 4339 -———J.—.

62 4365 71 4382 ⁶
107 4389 226 4502 ”212¹
240 4392 366 4504 ‘igme'
388 4395 420 4452 ll,
435 4387 522 4453 peste.
548 4391 726 4451 Donoustl',
745 4405 770 4450 p.
781 4393 833 4437 oss.
848 4413 872 4446 ··.
891 4389 916 4440 Ι)
929 4386 1009 4430 Μ.
1025 4387 1062 4442 13,
1076 4389 1099 4429 2.

226 4489 234 4515 '
891 4523 964 4602 [au
