2900 5086
772 403 882 474 '82⁰

329 574 389 651 ¹⁰)
406 513 544 665 litarem:
568 603 606 620 -
649 572 701 648 ¹¹)
721 568 968 680 §tettingen-
1012 570 1101 649 η)ἰ
1120 588 1146 630 e.
1159 566 1410 676 appendicibus.

336 638 771 747 ¹⁸)ltlarley‚ltlarle11,eme
789 663 957 724 kaiserlicbe
975 661 1067 724 Piala.
1104 661 1189 722 S.1n
1208 659 1279 722 dem
1303 659 1410 720 Kom-

274 771 406 823 ·mcnttr
429 782 467 822 ru
491 759 564 840 Xap.
584 757 706 818 XXXII.
737 757 787 818 das
806 756 1014 818 Verueicbniit
1035 755 1088 817 der
1106 755 1245 830 Plalzen,
1268 753 1334 812 Νι.
1359 759 1408 820 7ss

292 854 491 918 Versebieden
512 851 637 913 davon'
627 863 666 912 ιιι
680 850 794 912 Marlen
813 870 859 910 am
871 849 1024 926 llbein,'
997 869 1045 910 em
1058 848 1214 910 Flecken
1204 869 1236 908 ιιι
1257 847 1321 910 der
1340 849 1407 910 Or-

291 962 391 1025 tenau,
411 943 486 1006 zwei
505 943 639 1005 Stunden
658 965 718 1016 yon
739 943 908 1024 Stralsburg
927 941 1075 1010 entiernt..

334 1043 387 1120 ¹⁴)
406 1035 537 1100 nattes
561 1035 627 1120 ssigt
653 1037 719 1098 cine
738 1037 848 1118 Menge
873 1057 934 1096 von
951 1033 1086 1096 Punktcu
1112 1033 1177 1110 bei,
1208 1034 1250 1094 als
1277 1033 1324 1096 ob
1356 1036 1404 1095 die

295 1132 436 1196 Urkunde
455 1127 537 1190 nicht
555 1129 734 1216 vollstindig
752 1133 840 1190 wire.
869 1127 952 1190 llber
971 1149 1001 1188 es
1021 1127 1113 1188 findet
1131 1127 1192 1188 sicb
1210 1129 1304 1190 keiue
1325 1131 1401 1190 wei-

291 1240 356 1290 tere
377 1224 455 1306 Spur
473 1241 533 1285 von
551 1221 908 1286 Namensunterschrillen
933 1221 1007 1284 oder
1029 1220 1262 1305 auderweitigen
1283 1224 1400 1308 Signa-

290 1333 377 1382 turen
396 1319 436 1380 im
456 1313 618 1398 originale.
655 1385 664 1406 Ι

746 1551 941 1566 m

785 1790 891 1864 XCV.

397 1921 583 1994 mptum
598 1919 732 1978 veron
748 1917 883 1987 Ill-snt
899 1917 1038 2071 Bessteh
1037 1917 1283 1977 meorum

257 2069 261 2078 .
292 2043 413 2081 concessu
415 2023 571 2076 rolieddon
574 2015 787 2092 iEpiscropo
749 2020 986 2088 depertinentes
918 2041 1004 2090 rquo
1114 2021 1245 2075 eatecicles
1246 2023 1393 2090 acArgen·

447 2107 531 2160 tineus
531 2107 680 2160 isabomn
682 2106 739 2160 ibus
756 2105 919 2173 vciaietglbus
936 2021 1114 2158 immuwmd:
1115 2105 1239 2174 crlaat¹)

350 2247 475 2312 Carolus
501 2250 594 2334 gratia
618 2249 676 2310 Dei
706 2269 756 2310 rer
780 2249 963 2310 Francorum
989 2267 1023 2308 ac
1047 2247 1323 2330 Langobardorum,
1352 2269 1390 2310 ac

290 2343 434 2404 Patricius
448 2343 701 2422 Romanorum),
721 2339 857 2403 omnibus
872 2339 1037 2420 Episcopis,
1054 2340 1226 2416 Abbatibus,
1243 2340 1390 2420 Ducibus,

293 2435 474 2513 Comitibus,
499 2436 681 2510 domesticis,
705 2434 834 2508 vicariis,
859 2431 1052 2508 centenariis,
1075 2433 1121 2494 rel
1141 2432 1276 2496 omnibits
1295 2436 1388 2498 missis

291 2529 398 2590 nustria
419 2529 645 2590 discurrentibus
659 2528 700 2606 ³),
720 2527 767 2588 rel
787 2526 966 2608 quibuslibet
984 2524 1134 2595 iudiciaria
1154 2537 1300 2606 potestate
1320 2549 1386 2611 pre-

232 2617 238 2635 *
291 2620 367 2682 ditis.
407 2620 525 2682 Summa
545 2641 613 2684 cura
633 2632 664 2682 ct
681 2619 848 2682 sollicitudo
869 2619 958 2680 debet
977 2637 1039 2680 esse
1058 2618 1172 2700 Regum
1191 2621 1228 2680 ad
1250 2641 1299 2697 er,
1331 2645 1386 2704 que

291 2735 346 2794 pro
367 2715 569 2796 oportunitate
589 2713 778 2776 ecclesiarum
792 2711 851 2774 Dei
870 2711 981 2772 fuerint
998 2709 1150 2790 postulata,
1168 2709 1299 2774 solerter
1318 2737 1384 2795 per.

289 2805 403 2886 spicere
423 2817 454 2866 et
473 2825 603 2884 congrua
623 2805 670 2862 vel
691 2814 838 2880 oportuna
859 2802 899 2868 eis
918 2801 1063 2864 beneficia
1081 2821 1142 2862 non
1158 2802 1316 2888 denegare,
1333 2810 1383 2869 sed

291 2917 326 2958 ea
346 2915 402 2976 que
423 2915 479 2975 pro
498 2893 557 2956 Dei
576 2905 645 2956 sunt
662 2894 770 2954 intuitu
789 2893 825 2956 ad
845 2892 984 2956 effectum
1009 2895 1041 2956 in
1060 2895 1118 2966 Dei
1138 2897 1257 2958 nominc
1276 2902 1383 2962 manci-

224 3019 231 3032 «
290 3009 370 3071 pare.
403 2987 498 3097 Igitur
516 2997 684 3069 cognoseat
694 2986 878 3070 magnitudo,
896 3001 949 3048 seu
967 2989 1075 3050 utilitas
1092 3001 1187 3052 vestra
1200 2991 1318 3070 qualiter
1329 3013 1381 3054 ve-

252 3141 256 3151 ,
291 3083 375 3146 niens
401 3081 446 3146 vir
469 3080 643 3144 venerabilis
662 3082 735 3142 Etto
755 3079 993 3164 strazburgensis
1012 3081 1177 3162 Episcopus
1202 3084 1380 3148 clementiam

291 3175 376 3260 regni
400 3171 494 3238 nostri
516 3174 705 3285 supplicavit,
733 3184 767 3234 ut
784 3172 961 3254 ubicumque
980 3193 1035 3254 per
1054 3173 1202 3252 civitates,
1228 3177 1319 3238 vel'
1292 3199 1381 3256 rrcos,

291 3269 419 3346 castella,
438 3280 489 3330 aut
506 3264 654 3344 traiectus,
673 3266 719 3330 vel
732 3255 835 3348 portus
848 3265 980 3346 homines
998 3279 1159 3328 memorate
1177 3269 1306 3346 ecclesie,
1325 3292 1379 3350 que

291 3374 336 3424 est
355 3373 522 3424 constructa
546 3361 577 3420 in
601 3362 716 3424 honore
736 3360 845 3423 Sancte
863 3358 923 3420 Dei
944 3359 1103 3422 Genitricis
1122 3373 1294 3442 semperque
1314 3361 1377 3422 Vir-

172 3497 178 3512 ι
291 3454 496 3537 ginisMarie,
521 3453 655 3536 navigio,
675 3465 724 3514 aut
743 3464 879 3528 terreno,
897 3452 928 3512 id
948 3463 992 3514 est
1011 3474 1075 3516 cum
1097 3454 1185 3514 carris
1204 3466 1254 3516 aut
1272 3475 1376 3516 sauma-

291 3548 341 3607 riis
357 3548 405 3626 ⁴),
433 3545 604 3629 negotiandi
629 3546 723 3628 gratia
748 3547 826 3606 irent
849 3543 897 3606 vel
921 3545 1066 3622 redirent,
1094 3547 1206 3608 nullum
1235 3547 1375 3610 teloneum

211 3700 215 3718 .
291 3638 443 3718 quisquam
461 3637 634 3720 Reipubliee
653 3638 870 3699 administrator
889 3638 926 3700 ab
945 3637 986 3699 eis
1006 3639 1110 3721 exigat.
1148 3639 1308 3721 Propterea
1326 3662 1376 3722 per

165 3752 170 3764 “
290 3731 349 3790 boc
368 3743 468 3792 nostre
488 3731 667 3796 auctoritatis
682 3741 853 3812 preceptum
868 3729 1057 3808 decrevimus,
1077 3733 1157 3813 quod
1174 3732 1376 3814 perpetualiter

291 3843 456 3884 mansurum
476 3845 536 3886 esse
555 3826 702 3900 iubemus,
721 3830 754 3884 ut
773 3823 867 3886 nullus
887 3835 1013 3886 vestrum
1035 3826 1070 3886 de
1090 3825 1192 3902 rebus,
1213 3825 1375 3906 quas'uavi-

289 3917 343 4000 gio
369 3926 419 3976 aut
442 3925 577 3994 terreno,
608 3919 638 3978 id
658 3929 701 3979 est
720 3937 786 3978 cum
806 3917 894 3978 carris
914 3929 944 3977 et
962 3917 1109 3980 saumariis
1129 3939 1183 3998 per
1201 3939 1294 4002 regno
1312 3921 1374 3980 Deo

292 4008 423 4090 propitio
448 4019 549 4068 nostra
575 4011 708 4072 homines
733 4010 860 4072 eiusdem
879 4009 1117 4092 strazburgensis
1143 4012 1264 4074 ecclesie
1287 4033 1374 4095 nego-

291 4101 384 4162 tiandi
408 4101 501 4184 gratia
526 4100 672 4180 duxerint,
705 4104 880 4183 ubicumque
900 4121 1045 4164 accessum
1065 4104 1222 4166 habuerint
1241 4124 1292 4184 per
1310 4104 1372 4166 ciri-

290 4205 375 4269 tates,
394 4194 441 4255 vel
460 4194 552 4274 vicos,
570 4195 697 4272 castella,
716 4209 765 4258 aut
783 4197 930 4272 traiectus,
948 4196 995 4256 vel
1012 4208 1125 4276 portus,
1146 4209 1267 4279 excepto
1278 4197 1371 4272 Quen-

292 4286 459 4366 towioot),
482 4288 698 4368 Dorestat00),
726 4302 812 4370 atque
833 4289 1007 4368 Sclusas⁷),
1036 4290 1147 4352 nullum
1166 4291 1312 4352 teloneum
1327 4299 1373 4349 aut

292 4375 496 4461 ripaticum),
514 4392 564 4444 aut
582 4380 758 4462 portaticum
769 4383 816 4462 ⁰),
835 4393 885 4444 aut
903 4383 1086 4462 pontaticum
1098 4385 1166 4464 ¹⁰),
1185 4397 1235 4448 aut
1251 4383 1371 4446 salutati-
