2900 5086
72 605 326 686 quemadmodum
345 605 468 690 legitur:
496 605 629 688 Populus
648 607 747 690 itaque
766 608 918 670 Romanus
937 611 1083 688 concessit
1101 612 1180 683 ei2et

70 699 109 758 in
131 720 198 760 eum
216 696 365 762 transtulit
383 720 472 762 omne
491 701 535 762 ius
554 721 637 761 suum
657 711 688 762 et
704 707 891 782 potestatem.

134 799 164 858 2.
201 793 250 854 Ad
275 815 377 855 eorum
402 803 499 854 autem
526 793 688 874 exemplum
714 795 861 874 praelatus
886 814 1005 874 quoque
1030 794 1178 860 Adrianus

68 885 160 966 Papa
181 907 246 947 cum
273 887 355 947 omni
375 886 465 950 Clero
493 897 523 946 et
541 885 678 966 Populo,
704 909 738 948 ac
762 889 897 950 universa
917 887 1025 951 Sancta
1045 889 1180 970 Synodo,

70 981 225 1046 concessit
246 978 358 1042 Carolo
377 981 511 1062 Augusto
531 999 622 1044 omne,
639 1001 723 1040 suum
741 979 785 1040 ius
806 991 836 1044 et
854 993 1031 1060 potestatem
1051 982 1181 1064 eligendi
1216 1017 1218 1028 ν

68 1095 221 1133 summum
240 1073 430 1149 Pontificem,
462 1085 493 1133 et
516 1073 674 1147 ordinandi
692 1072 896 1154 Apostolicam
916 1075 1025 1136 Sedem
1052 1075 1180 1156 dignita-

68 1177 199 1246 temque
213 1167 400 1230 Patriciatus:
421 1167 541 1246 insuper
555 1165 804 1246 Archiepiscopos
825 1176 856 1226 et
864 1167 1028 1248 Episcopos
1047 1189 1102 1249 per
1120 1168 1180 1244 sin·
1263 1227 1266 1238 ,
1321 1149 1329 1174 l

68 1260 162 1342 gulas
181 1261 347 1341 provincias
367 1261 402 1320 ah
423 1279 460 1320 eo
480 1259 613 1340 accipere
638 1259 824 1324 investituras
848 1259 993 1320 diffinivit.
1031 1260 1105 1322 Post
1122 1261 1182 1322 hoe

67 1373 151 1416 vero
179 1353 429 1428 consecrationem
460 1351 622 1431 accipiant,
652 1351 919 1442 undexpertineat.
968 1353 1057 1414 Unde
1081 1366 1181 1416 umen

68 1445 192 1506 abolita
216 1447 253 1506 sit
276 1457 406 1508 veterum
431 1445 569 1522 scientia,
597 1463 754 1524 moresque
780 1445 811 1504 in
837 1457 1007 1526 posterum,
1040 1457 1180 1525 quatenus

68 1560 169 1600 nemo
189 1560 244 1620 per
263 1539 489 1622 cognationem,
513 1537 562 1599 vel
581 1537 752 1614 amicitiam,
780 1549 831 1598 aut
851 1559 905 1620 per
923 1525 1112 1619 pecuniarum
1132 1536 1185 1600 uc-¹

73 1632 267 1714 ceptionem,
296 1631 352 1694 sihi
376 1632 467 1712 eligat
487 1631 684 1712 Episcopum:
720 1631 772 1692 sed
797 1630 855 1694 soli
872 1632 955 1716 'Regi
980 1633 1183 1694 Romanorum
1234 1634 1238 1640 ’

71 1723 248 1788 huiusmodi
262 1723 451 1808 Teverentiae
469 1724 614 1786 tribuatur
633 1723 765 1786 facultas.
795 1725 1005 1786 Verumtamen
1022 1725 1096 1785 siah
1114 1726 1182 1786 uni,

71 1840 169 1882 verso
186 1819 278 1880 Clero
299 1830 330 1878 et
348 1829 455 1908 cunctp
472 1817 586 1898 populo
607 1817 703 1898 aliqua
722 1818 961 1900 praesumptione
982 1830 1012 1878 et
1029 1818 1183 1902 religionis

70 1932 166 1975 eausa
186 1910 311 1993 eligatur
328 1910 510 1991 Episcopus,
533 1909 590 1971 nisi
609 1930 626 1970 a
644 1909 728 1994 Rege
747 1911 884 1974 laudetur
904 1923 934 1972 et
952 1911 1139 1990 investiatur,
1164 1933 1182 1976 a

69 2004 198 2066 nemine
218 2013 408 2066 consecrator
422 2006 474 2082 ¹),
503 2005 506 2010 '
748 2024 750 2029 ·

135 2105 165 2165 3.
203 2099 248 2158 Ex
266 2096 409 2178 hocipso
429 2095 552 2180 prolatis
571 2095 724 2160 sententiis
749 2097 785 2156 ah
804 2097 965 2174 universis,
995 2099 1046 2180 qui
1069 2098 1102 2158 in
1126 2097 1186 2160 hao

69 2203 179 2256 sancta
204 2191 329 2272 Synodo
355 2189 530 2274 congregati
555 2187 685 2264 fuemnt,
727 2189 764 2248 In
789 2191 909 2250 nomine
934 2192 1060 2252 Sanctae
1079 2190 1183 2252 Trini-

70 2285 163 2362 tatis,
181 2284 327 2346 Adrianus
346 2283 428 2365 Papa
447 2304 504 2366 pro
525 2281 661 2344 omnihus
681 2282 739 2345 hoc
759 2281 921 2358 concessit,
939 2283 1069 2345 laudarit
1087 2295 1118 2344 et
1137 2284 1183 2346 ai-

69 2377 224 2438 firmando
245 2377 405 2438 constituit
442 2374 567 2440 adhoc
588 2375 673 2436 etiam
697 2386 793 2436 totum
817 2374 1018 2436 roborandum
1043 2375 1183 2454 decrevit,

71 2482 110 2532 ut
137 2467 163 2530 si
188 2467 250 2550 quis
275 2469 416 2550 posthaec
440 2481 544 2538 contra
573 2469 650 2530 hanc
676 2470 814 2530 Sanctam
840 2467 993 2549 Synodum
1023 2478 1184 2544 temerator
1228 2479 1255 2506 -“

70 2573 214 2644 repertus
234 2562 339 2638 luerit,
358 2561 418 2622 sire
439 2573 543 2624 contra
561 2561 619 2624 hoc
634 2575 752 2638 totum,
772 2563 854 2642 quod
873 2560 1075 2642 praediximus,
1094 2581 1183 2641 repu-
1264 2625 1266 2630 ,
1287 2620 1293 2636 Χ

15 2704 19 2715 .
73 2655 224 2742 gnaverit,
244 2655 441 2735 cuiuscunque
460 2657 499 2716 sit
517 2656 634 2739 gradus,
659 2657 780 2732 ordinis,
799 2655 847 2720 sel
866 2655 967 2728 officii,
987 2665 1036 2714 aut
1056 2651 1184 2734 dignita·
1216 2675 1226 2740 Ἰ

72 2751 131 2826 tis,
152 2750 199 2812 vel
218 2749 350 2831 generis,
369 2748 442 2809 sciat
460 2768 492 2810 se
512 2748 543 2808 in
562 2749 635 2810 iram
654 2749 733 2810 beati
752 2749 835 2810 Petri
853 2745 999 2827 Principis
1008 2745 1183 2826 ,Apostolo-
1280 2801 1283 2812 ,

72 2865 161 2919 rum,
181 2854 212 2902 et
231 2843 361 2901 omnium
381 2842 574 2917 Sanctorum,
600 2853 631 2902 et
649 2843 908 2923 praedecessorum
927 2852 1112 2915 nostrorum,
1133 2861 1184 2900 ca·
1222 2858 1225 2872 ·

71 2956 180 3000 surum
200 2945 230 2994 et
249 2932 438 2995 anathematis
457 2931 576 2994 vinculo
604 2935 769 2994 damnatum
794 2933 1006 3012 perpetualiter
1030 2930 1183 3006 victurum,
1239 2945 1243 2962 ·

75 3025 388 3091 excommunitatione
404 3044 523 3104 quoque
546 3025 716 3086 universalis
735 3023 886 3084 Ecclesiae
910 3035 941 3082 et
964 3023 1061 3084 cuncti
1080 3023 1185 3104 populi

77 3120 243 3184 Christiani
262 3140 450 3182 emersurum.
489 3118 628 3200 Insuper,
656 3117 714 3180 nisi
737 3115 851 3177 amalo
871 3115 1040 3196 resipuerit,
1070 3115 1184 3178 irrevo-
1252 3157 1256 3163 ,
1332 3133 1338 3146 ·

76 3213 170 3276 cahili
197 3213 282 3274 exilio
308 3223 474 3292 prematur,
502 3210 551 3273 vel
575 3210 683 3271 ultimis
709 3209 859 3292 suppliciis
885 3208 1022 3280 feriatum
1053 3219 1084 3268 et
1102 3207 1184 3275 bona

75 3309 142 3370 eius
163 3304 359 3386 publicentur.
400 3305 462 3380 Qui
480 3325 553 3366 vero
582 3325 638 3384 pro
659 3304 768 3364 intuitu
788 3313 885 3363 custos
904 3301 1009 3362 horum
1030 3311 1061 3360 et
1080 3301 1183 3360 ohser-

75 3412 168 3464 vator
187 3397 219 3456 in
239 3397 374 3458 omnihus
396 3397 551 3474 exstiterit,
582 3395 796 3470 benedictionis
823 3393 951 3480 gratiam¹
965 3394 1112 3474 vitamque
1132 3413 1183 3461 ae-

75 3505 197 3560 ternam
222 3513 289 3551 cum
315 3487 449 3550 omnibus
470 3489 585 3556 Sanctis
609 3491 666 3554 suis
690 3490 753 3552 sine
777 3489 836 3552 line
860 3488 968 3552 hahere
986 3488 1183 3558 mereaturin

77 3585 180 3670 secula
198 3584 375 3669 seculorum,
393 3583 499 3644 Amen.
1199 3575 1201 3588 '

76 3747 282 3773 -α--Ἷ-Ῥ*

120 3838 146 3883 t)
158 3839 208 3892 An,
223 3845 376 3898 comeretur,
389 3846 538 3888 summetur.
