2960 5094
100 574 200 624 nostro
217 561 342 644 populo,
360 573 395 623 ut
413 559 499 623 vohis
516 561 867 625 mtarhenssrriotortas
881 561 1002 641 tribuat,
1021 573 1051 626 et
1060 577 1189 630 seruum

38 733 39 736 Ἴ
102 657 197 717 dilatet
211 677 339 740 regnum
359 657 396 718 ad
416 655 623 716 exaltationem
641 656 774 734 spiritalis
799 655 900 717 matris
917 669 1048 735 vestrae,
1071 673 1189 723 sanctae

100 747 154 809 Dei
170 748 321 810 Romanae
340 749 508 824 Ecclesiae,
538 759 569 808 et
591 747 713 810 salutem
736 749 840 830 populi
863 749 952 812 nobis
977 741 1082 814 alico
1106 771 1189 816 con-
1219 763 1223 774 ’

98 839 187 918 missi,
206 843 273 924 quia
292 854 390 905 vestra
411 839 547 902 exaltatio
567 853 669 903 nostra
690 852 735 901 est
756 842 875 904 laetitia.
918 845 960 903 Et
978 847 1095 926 semper
1113 848 1189 909 desi·
1217 905 1222 916 „

98 935 225 996 deramus
246 940 286 998 et'
298 936 445 1017 cupimus,¹
458 953 533 1014 quac
553 933 633 994 bona
652 946 722 995 sunt
740 945 827 1012 atque
845 955 1003 1018 prospera,
1029 939 1066 1001 de
1089 953 1189 1003 vestro
1240 1004 1246 1017 ,

96 1029 195 1090 aDeo
215 1040 354 1110 protecto
373 1049 468 1112 regno
489 1038 520 1088 et
534 1027 665 1087 omnium
676 1028 858 1086 Francorum
872 1029 1006 1092 salutaris
1025 1032 1191 1106 addisceres
1239 1019 1242 1026 Α

97 1123 162 1200 quia
179 1144 235 1184 nos
255 1133 324 1202 post
342 1122 438 1182 Deum
457 1121 489 1180 in
508 1119 607 1199 aliquo
627 1119 764 1182 fiduciam
783 1139 847 1178 non
865 1121 1002 1184 babemus
1014 1125 1071 1186 nisi
1089 1126 1121 1186 in
1137 1147 1190 1188 se-

95 1226 154 1280 sno
179 1215 341 1276 fortissimo
365 1212 498 1273 brachio.
549 1215 591 1273 Et
612 1213 688 1273 sicut
710 1211 920 1292 praedecessor
942 1230 1058 1280 noster
1067 1219 1191 1282 domnus

96 1307 261 1388 Stephanus
284 1306 365 1387 Papa
384 1306 495 1370 bonam
514 1305 617 1366 hahuit
634 1305 799 1366 fiduciam
789 1327 820 1364 ιιι
845 1305 983 1386 genitore
1006 1323 1103 1372 vestro
1122 1333 1191 1374 sau-

95 1411 159 1460 ctae
177 1399 388 1465 recordationis
409 1399 520 1459 domno
540 1398 671 1482 Pippino
691 1375 789 1480 Rege,
818 1397 860 1457 ita
888 1409 919 1458 et
943 1419 998 1460 nos
1016 1405 1108 1464 multo
1129 1427 1191 1466 am·
1231 1399 1235 1414 '

94 1493 197 1573 plius'
186 1515 217 1552 ιιι
236 1504 334 1555 vestro
347 1491 505 1552 fortissimo
522 1493 630 1576 Regno
651 1491 835 1565 confidimus,
851 1492 965 1552 etcerti
980 1515 1192 1574 permanemus.

147 1586 320 1668 Reperimus
341 1587 431 1646 etiam
450 1585 482 1644 in
502 1585 570 1666 ipsis
589 1585 692 1646 vestris
717 1583 865 1645 mellifluis
885 1581 1016 1666 apicibus
1045 1585 1082 1647 de
1102 1603 1215 1650 veen·

94 1677 172 1740 litate
191 1680 422 1760 mancipiorum,
448 1679 529 1760 quasi
552 1699 607 1760 per
625 1689 741 1740 nostros
760 1677 912 1739 Romanos
930 1679 1100 1742 venumdati
1119 1679 1192 1741 luis-

93 1784 157 1832 sent
182 1769 265 1854 genti
290 1773 436 1833 nefandae
462 1760 686 1834 Saracenorum.
731 1771 792 1830 Scd
815 1791 979 1851 nunquam,
1006 1775 1087 1852 quod
1107 1773 1194 1851 absit,

93 1865 122 1924 iu
140 1866 201 1926 tale
217 1866 427 1933 ,declinavimus
445 1865 554 1940 scelus,
583 1876 634 1924 aut
654 1885 711 1944 per
733 1875 864 1925 nostram
882 1863 1065 1927 uoluntatem
1084 1865 1194 1928 lactum

91 1957 162 2016 fuit:
182 1957 285 2016 sedin
304 1957 434 2016 litoraria
452 1955 717 2038 Langobardorum
737 1977 853 2037 semper
876 1957 1052 2039 navigarunt
1071 1974 1127 2020 nec
1147 1959 1193 2019 di·

37 2111 38 2134 ,
92 2047 180 2110 cendi
202 2047 327 2123 Graeci,
359 2059 389 2106 et
415 2047 519 2106 exinde
539 2047 675 2108 emebant
691 2049 784 2130 ipsam
803 2049 958 2127 familiam,
988 2064 1018 2112 et
1037 2053 1194 2114 amicitiant

94 2163 157 2203 cum
177 2141 247 2222 ipsis
266 2137 472 2222 Langobardis
491 2139 636 2214 lecerunt,
656 2151 686 2199 et
704 2143 885 2220 pereosdem
898 2143 1111 2226 Langobardos
1130 2145 1196 2226 ipsa

94 2233 291 2315 suscipiebant
314 2233 471 2313 mancipia.
525 2233 562 2292 In
592 2231 697 2312 quibus
723 2243 753 2292 ct
781 2231 933 2294 direximus
963 2237 1067 2297 exinde
1090 2237 1198 2313 Alloui

94 2327 183 2402 Duci,
201 2339 235 2386 ut
252 2337 442 2408 praepararet
460 2323 545 2406 plura
564 2323 691 2407 navigia,
710 2337 741 2385 et
753 2325 1021 2406 comprehenderet
1030 2329 1088 2388 iam
1102 2330 1197 2390 dictos

95 2420 240 2495 Graecos,
259 2431 289 2480 et
306 2440 394 2482 naves
414 2437 518 2480 eornm
536 2420 676 2490 incendio
697 2431 910 2480 concremaret
945 2419 1006 2480 Sed
1022 2420 1119 2482 noluit
1137 2441 1196 2482 no-

37 2541 39 2552 *
95 2513 158 2574 stris
179 2513 386 2594 obtemperare
405 2513 563 2589 mandatis,
583 2513 656 2594 ‘qnia
679 2533 734 2573 nos
753 2533 811 2572 nec
830 2511 946 2596 navigia
966 2513 1116 2590 habemus,
1139 2535 1196 2576 nec

94 2619 203 2683 nautas,
224 2606 275 2686 qui
295 2627 346 2666 eos
366 2607 618 2686 comprehendere
642 2606 816 2687 potuissent.
859 2606 972 2667 Tamen
997 2607 1029 2666 in
1054 2619 1196 2689 quantum

94 2701 244 2776 valuimus,
262 2699 396 2760 Domino
420 2699 595 2780 proferimus
614 2709 702 2775 teste,
721 2699 788 2778 quia
806 2691 945 2784 magnum
965 2699 1070 2762 exinde
1089 2697 1195 2762 babui-
1244 2762 1249 2774 ,
1268 2761 1270 2768 ,

94 2815 154 2854 mus
173 2805 325 2855 certamen
350 2793 502 2873 cupientes
527 2794 584 2854 hoc
609 2793 704 2873 ipsum
724 2792 816 2854 scelus
835 2805 951 2870 vetare,
976 2795 1027 2874 qui
1051 2807 1083 2856 et
1105 2816 1195 2858 naves
1238 2843 1239 2846 ,

96 2887 278 2948 Graecorum
303 2886 400 2968 ¹gentis
425 2885 457 2944 in
482 2896 571 2965 portu
595 2885 719 2946 ciuitatis
751 2899 869 2948 nostrae
894 2886 1195 2950 Centumcellensium

95 2981 224 3042 comburi
245 2977 378 3054 lecimus,
398 2989 429 3038 et
446 2979 525 3059 ipsos
545 2979 678 3040 Graecos
697 2979 729 3038 in
749 2993 866 3042 carcere
885 3001 942 3060 per
958 2982 1050 3042 multa
1059 2993 1195 3061 tempora

96 3072 277 3134 detinuimus.
316 3072 377 3132 Sed
397 3072 647 3154 ahangobardis,
665 3073 843 3154 utpraefeti
862 3095 973 3149 sumus,
997 3074 1088 3134 multa
1107 3073 1195 3133 lami-
1223 3099 1225 3106 ·

96 3164 131 3227 lia
147 3167 327 3228 venumdata
346 3165 412 3242 suit,
432 3167 500 3227 dum
520 3165 629 3226 samis
619 3168 720 3248 rnopia
740 3187 792 3228 eos
807 3166 1040 3248 constringebat,
1061 3164 1128 3242 quia
1146 3161 1196 3222 tttt

97 3277 127 3318 ex
149 3259 266 3320 eisdem
290 3210 494 3340 Langobardis
524 3259 645 3340 propria
675 3261 785 3320 virtute
809 3261 842 3317 in
866 3259 984 3338 navigia
1010 3257 1194 3318 Graecorum

97 3352 304 3424 ascendebant,
323 3351 391 3410 dum
409 3351 519 3410 nullam
537 3351 687 3410 habehant
704 3371 787 3430 spem
804 3348 929 3411 visendi.

146 3447 194 3506 De
221 3443 435 3504 Sacerdotibus
460 3455 556 3503 autem
582 3443 705 3520 nostris,
730 3444 810 3523 quod
832 3442 918 3503 vobis
943 3441 1017 3505 salso
1044 3453 1075 3504 et
1090 3456 1194 3505 contra
1252 3493 1257 3503 .

97 3535 189 3599 Deum
209 3550 242 3599 et
262 3539 387 3598 animam
407 3559 510 3598 eorum
530 3557 688 3619 suggerere
708 3537 865 3613 ausissent,
884 3539 1006 3599 mentita
1022 3545 1066 3598 est
1084 3537 1193 3617 iniqni-

37 3627 39 3646 '
96 3640 135 3691 tas
154 3632 222 3708 sibi,
244 3643 274 3690 ct
293 3631 373 3691 nulla
394 3643 447 3708 est,
466 3629 599 3691 Domino
619 3642 783 3706 annuente,
806 3631 837 3690 in
857 3633 965 3691 nostris
985 3630 1194 3692 Sacerdotibus

96 3723 232 3802 pollutio,
252 3743 308 3785 nec
327 3724 395 3785 talia
419 3725 541 3786 credere
561 3723 651 3784 dehet
674 3736 769 3787 restra
789 3724 968 3785 Sublimitas.
1012 3724 1092 3784 Dum
1111 3743 1194 3799 vero,
1242 3787 1244 3792 ,

96 3815 226 3879 Domino
247 3829 444 3898 cooperante,
473 3839 529 3900 per
548 3818 771 3879 intercessiones
791 3829 908 3879 sanctae
927 3823 1044 3898 semper
1062 3817 1194 3900 Virginis

96 3909 205 3972 Mariae
223 3911 372 3973 Dominae
391 3923 527 3987 nostrae,
552 3923 582 3971 et
605 3912 640 3970 B.
661 3909 742 3972 Petri
760 3909 973 3991 Apostolorum
992 3909 1143 3992 principis,
1162 3908 1194 3964 in

96 4001 214 4064 viuculo
234 4006 361 4066 caritatis
380 4017 469 4087 atque
482 4004 647 4066 dilectionis
662 4023 717 4064 nos
731 4004 887 4066 adnectere
901 4006 1035 4087 dignatum
1055 4021 1096 4078 es,
1115 4017 1194 4058 nune

96 4115 168 4156 vero
189 4111 332 4177 quaerunt
354 4099 460 4158 aemuli
484 4100 594 4175 nostri,
620 4097 809 4177 qui‘semper
833 4097 944 4159 zizania
969 4095 1194 4168 seminaveruut,

37 4177 40 4290 i
99 4187 234 4270 aliquam,
252 4191 309 4253 illis
321 4191 390 4252 Deo
403 4192 564 4267 contrario,
582 4192 661 4250 inter
674 4202 771 4271 partes
788 4191 927 4254 malitiam
939 4189 1092 4250 seminare.
1122 4185 1194 4266 Sed,

37 4291 39 4434 p
98 4279 228 4348 Domino
248 4284 414 4362 auxiliante,
432 4305 486 4366 per
504 4281 782 4350 intercessionesB.
801 4284 884 4344 Petri
902 4277 1051 4362 Apostoli,
1070 4299 1193 4361 praesa-

97 4371 157 4436 lers
176 4379 296 4440 minime
315 4377 482 4455 habebunt,
505 4377 574 4458 quia
600 4397 655 4438 nos
681 4399 747 4439 cum
771 4375 893 4438 Domini
916 4373 1024 4440 virtute
1047 4371 1172 4435 talem
1157 4391 1192 4430 ιιι

37 4467 39 4544 i
820 4511 823 4519 .
1023 4477 1038 4518 t
