2960 5094
83 601 180 662 tribus
200 598 302 660 diebus
321 595 466 658 Litaniam
485 596 608 658 lecimus
619 600 661 679 ¹),
678 598 709 659 id
729 607 773 660 est
790 597 886 662 Nonis
897 597 1090 680 Septembris,
1107 605 1188 682 qued

82 694 142 754 init
159 691 252 752 Lunis
272 691 330 767 die,
348 691 535 771 incipientes,
555 702 587 752 et
604 691 706 751 Martis
727 702 758 753 et
770 691 926 772 Mereoris,
943 692 1004 754 Dei
1020 693 1188 758 mbericor·

83 787 159 847 diam
180 787 378 866 deprecantes
399 795 433 842 ut
457 785 545 852 nobis
569 803 675 864 pacem
699 795 729 844 et
751 787 903 846 sanitatem
928 795 1016 864 etque
1035 785 1188 852 emeriten

27 953 29 970 ,
83 891 113 940 et
131 899 311 962 prosperum
329 878 389 937 iter
400 874 538 937 ¹tribuere
559 877 709 984 diqnetur,
728 889 758 936 et
774 890 808 938 ut
825 879 857 939 iu
876 899 927 940 sua
945 878 1146 946 misericordia
1158 893 1189 942 et

79 973 192 1052 pietate
218 971 308 1032 uobis
335 969 451 1030 adiutor
477 981 507 1029 et
533 971 705 1056 consiliator
730 980 817 1048 atque
843 973 982 1034 defensor
999 973 1032 1032 in
1052 973 1188 1048 omnibus

81 1065 226 1149 angustiis
246 1063 356 1126 uostris
377 1061 486 1122 existat
515 1064 555 1122 Et
574 1063 682 1153 suino
703 1073 734 1122 et
753 1083 841 1124 carne
859 1066 1070 1127 ordinaverunt
1080 1065 1189 1128 Sacer·

81 1158 166 1218 dotes
187 1157 301 1231 nostri,
323 1157 372 1235 qui
391 1166 515 1235 propter
532 1157 731 1217 infirmitatem
751 1167 803 1216 aut
821 1159 1053 1233 senectudinem,
1073 1169 1127 1220 aut·
1142 1158 1190 1218 iu·
1229 1231 1233 1238 ῃ
1324 1153 1331 1164 ’

79 1236 278 1310 rentiudinem
297 1248 442 1308 abstinere
462 1261 616 1329 poterant,
635 1260 669 1308 ut
687 1247 908 1309 abstinuissent:
928 1260 958 1308 et
976 1251 1026 1329 qui
1043 1251 1188 1314 redimere

78 1343 241 1419 voluisset,
273 1343 358 1422 quod
378 1343 477 1403 vinum
502 1343 649 1410 licentiam
678 1341 827 1404 habuisset
853 1340 977 1401 bibendi
999 1343 1067 1422 ipsis
1093 1344 1188 1408 trihus

81 1435 199 1511 diebus,
220 1435 340 1496 ditiores
359 1446 390 1494 et
408 1434 593 1515 potentiores
612 1435 747 1496 homines
765 1435 797 1494 in
816 1451 992 1513 unaquaque
1008 1434 1054 1494 die
1063 1437 1189 1501 solidum

79 1550 173 1588 unum
194 1529 356 1604 dedissent,
374 1529 470 1590 minus
489 1539 626 1608 potentes
645 1529 723 1590 iuxta
741 1524 969 1608 possibilitatem
988 1527 1132 1607 ipsorum:
1159 1540 1190 1590 et

81 1621 132 1700 qui
152 1620 279 1701 amplius
298 1621 367 1682 dare
387 1641 449 1682 non
468 1631 601 1700 poterat,
628 1631 658 1681 et
681 1622 780 1682 unum
799 1619 905 1682 bibere
923 1618 1058 1693 volebat,
1073 1618 1190 1682 saltem

79 1715 126 1774 vel
146 1735 241 1776 unum
262 1697 413 1774 denirium
432 1714 581 1780 donasset:
602 1712 819 1796 eleemosynam
837 1733 909 1775 vero
929 1712 1128 1792 unumquisque
1142 1732 1190 1780 se·

81 1808 212 1868 cundum
230 1807 381 1888 propriam
400 1814 488 1885 etque
507 1806 616 1868 bonnm
634 1807 828 1884 voluntatem,
846 1806 895 1868 rel
913 1806 991 1866 iuxta
1008 1805 1190 1886 possibilita-

80 1912 141 1962 tem
161 1901 291 1962 fecisset.
320 1901 361 1960 Et
371 1899 525 1961 ,Sacerdos
542 1904 741 1982 unusquisque
753 1901 869 1962 missam
886 1897 1190 1982 specialemserisset,
1207 1948 1215 1968 ,

79 1995 139 2054 nisi
158 1992 313 2052 infirmitas
332 1991 514 2069 impedisset:
535 2001 565 2050 et
585 1991 693 2054 Clerici
712 1996 761 2074 qui
780 1994 908 2074 psalm0s
927 1991 1077 2066 sciebant,
1096 2007 1191 2053 unus.
1285 2029 1288 2045 ι

81 2086 211 2166 quisque
237 2081 450 2164 quinquaginta
474 2095 628 2144 cantasset:
658 2098 689 2146 et
710 2087 827 2148 interim
854 2087 934 2166 quod
958 2087 1035 2168 ipsas
1059 2083 1190 2146 Litanias
1307 2159 1311 2171 ι

82 2177 246 2250 iaciebant,
267 2173 434 2236 discalceati
446 2173 651 2238 ambulassent.
681 2178 731 2243 Sic
744 2179 1003 2240 consideraverunt
1012 2178 1191 2242 Sacerdotes

83 2270 196 2350 nost5i;
215 2279 246 2329 et
264 2287 320 2328 nos
340 2287 443 2328 omnes
462 2267 502 2326 ita
523 2265 742 2346 aptificavimus,
762 2269 932 2336 etDomino
943 2270 1096 2334 adiacente
1108 2289 1191 2330 com-

82 2361 238 2442 plerimus.
275 2359 363 2422 Unde
383 2359 527 2437 volumus,
546 2372 580 2420 ut
592 2372 631 2420 tu
651 2382 717 2422 cum
736 2359 794 2420 illis
814 2370 845 2420 ct
860 2356 919 2420 illis
937 2360 984 2420 rel
998 2362 1102 2423 ceteris
1118 2362 1192 2420 bde-
1273 2381 1278 2392 ·

83 2453 164 2514 libus
182 2454 290 2514 nostris
315 2453 500 2515 considerare
526 2453 648 2530 debeas,
680 2451 808 2533 qualiter
830 2452 911 2531 ipsae
929 2449 1063 2512 Litaaiae
1081 2449 1193 2513 ibidem

76 2547 181 2608 iactae
194 2547 274 2608 fiant.
305 2548 351 2611 Tu
372 2559 469 2608 autem
485 2547 565 2608 iuxta
585 2545 666 2624 quod
684 2558 734 2608 tua
753 2545 907 2612 infirmitas
923 2542 1077 2624 permittit,
1097 2543 1191 2616 intuo

87 2640 294 2702 committimus
315 2640 447 2721 arbitrio.
490 2641 531 2700 Et
553 2639 659 2699 mirum
684 2637 771 2700 nobis
796 2639 853 2698 fuit
873 2637 940 2718 quia
959 2647 1056 2718 vester
1074 2636 1192 2723 Missup,

87 2753 141 2794 nec
152 2733 288 2820 epistola,
307 2732 757 2816 postquamdeRagenisburgo,
776 2732 814 2792 ad
833 2751 888 2794 nos
902 2729 1073 2792 monuerit
1103 2727 1192 2801 Unde

85 2827 232 2902 uolumus,
250 2839 285 2886 ut
303 2826 416 2906 saepius
435 2826 523 2887 nobis
543 2826 580 2888 dc
598 2839 649 2887 tua
667 2825 804 2900 sanitate,
822 2823 869 2888 vel
890 2825 927 2886 de
947 2823 1116 2902 aliudquod
1126 2821 1191 2902 plag
1237 2885 1244 2894 ,

88 2921 182 2980 cuerit
207 2919 372 3001 significare
402 2917 519 2980 debeasa
568 2920 750 2998 iterumque.
769 2917 986 2980 salutamus-te
1011 2916 1137 2988 multum
1153 2914 1191 2977 in

89 3011 231 3074 Domino.

539 3201 738 3216 W

540 3437 543 3445 1
644 3418 704 3486 Vl·
782 3435 787 3444 ,
878 3408 890 3436 ι,

202 3546 335 3612 caron
356 3543 491 3614 ltlsssml
513 3421 704 3616 spritium
725 3542 777 3598 ecl
799 3541 1079 3631 Imperatores·
1129 3618 1143 3630 „
1182 3536 1184 3544 ’

207 3756 322 3811 Caroli
343 3755 438 3824 Regis
461 3755 502 3809 sd
522 3662 750 3825 Nicepborem
771 3753 883 3824 imper.
907 3749 1020 3826 Conse
1036 3745 1073 3816 ²).
1124 3797 1137 3820 ,
1172 3800 1191 3816 ,,

148 3891 224 3954 Cum
248 3892 279 3951 in
299 3889 381 3950 omni
399 3889 542 3950 humanae
562 3888 684 3950 actionis
703 3873 789 3947 initio
811 3881 923 3947 domini
942 3882 979 3945 sit
998 3879 1190 3943 auxiliamin-

94 3987 264 4061 vocandum,
282 3984 404 4044 maximt
420 3983 452 4042 in
468 3983 537 4057 hoc,
556 3981 637 4060 quod
655 3980 746 4040 modo
764 3980 844 4039 inter
867 3997 932 4054 nos,
950 3977 1018 4038 Deo
1033 3971 1191 4050 mediante,

27 4115 29 4124 =
94 4079 170 4150 avito
189 4078 322 4160 negotio,
340 4076 464 4138 Domini
483 4085 514 4136 ct
531 4071 683 4136 salvatoris
694 4071 868 4158 nostriJcsu
881 4068 991 4132 Christi
1003 4063 1084 4128 omni
1099 4059 1190 4153 modo

27 4225 29 4252 ,
95 4169 275 4250 imploranda
294 4182 362 4231 sunt
380 4168 534 4251 suffragia:
553 4165 655 4246 utqui
674 4163 795 4226 nomine
814 4163 891 4227 illius
910 4160 1018 4246 signati
1034 4171 1145 4259 snmus,
1160 4159 1190 4212 et

134 4357 154 4406 1)
170 4358 251 4416 vegs.
270 4355 375 4401 amsa
392 4353 541 4413 amnem
559 4355 611 4409 iss,
630 4351 669 4398 sss
686 4351 794 4408 rona,
813 4351 834 4408 r,
852 4324 880 4409 ᾗ.
894 4351 931 4398 ss.
949 4344 973 4390 t·
986 4337 1074 4392 rme
1087 4337 1190 4386 m.

99 4421 151 4476 ⁷01.
167 4438 192 4480 r·
206 4427 258 4473 1⁷⁶.
278 4449 304 4463 -
322 4425 347 4476 ²)
360 4423 407 4475 sm
420 4421 473 4466 rea
487 4419 566 4469 aas
581 4418 709 4470 omma.
754 4457 757 4466 .
797 4453 800 4462 i
