2960 5094
793 385 1010 478 tes

198 553 209 576 i
275 575 404 640 nostrae,
423 573 453 624 et
472 563 626 624 beatorum
645 561 812 643 principum
831 561 1043 642 Apostolorum
1054 562 1138 624 Petri
1157 583 1192 627 ac
1201 565 1296 642 Pauli,
1314 568 1372 628 tale

274 659 358 719 cordi
376 669 473 720 vestro
492 655 609 718 salubre
629 654 782 717 consilium
800 655 940 736 inspiret,
960 667 993 716 ut
1013 657 1138 736 oblatio,
1158 679 1245 739 quam
1265 659 1372 722 dulcis-

272 750 360 812 simus
383 751 503 836 genitor
526 761 622 813 vester
647 750 781 811 domiuus
805 749 949 830 Pippinus
973 750 1035 812 Rex
1054 751 1089 810 B.
1113 751 1205 812 Petro
1224 751 1373 832 Apostolo

189 923 191 932 Ι
272 843 392 922 obtulit,
413 856 444 905 ct
461 865 514 906 vos
532 843 733 920 confirmastis,
752 843 813 922 ipse
825 842 953 926 claviger
971 843 1057 926 regni
1068 844 1198 906 caelestis
1218 857 1286 906 aute
1299 865 1372 906 con·
1460 899 1461 916 ,

271 949 404 1018 spectum
429 937 487 998 Dei
514 957 580 998 cum
596 937 667 1018 ,ipsa
692 935 852 997 donatione
877 936 961 999 vobis
986 947 1204 1016 praesentetur,
1226 949 1373 1018 quatenus

270 1032 378 1112 gaudia
397 1042 517 1092 aeterna
536 1030 688 1112 percipere
707 1029 852 1090 mereatis.
894 1031 1058 1092 Piissimum
1079 1031 1192 1092 domini
1217 1030 1372 1112 imperium

270 1125 369 1217 gratia·
384 1143 510 1208 superna
523 1122 676 1198 custodiat,
696 1120 782 1205 eique
803 1122 933 1184 omnium
952 1125 1084 1206 gentium
1104 1125 1181 1187 colla
1196 1126 1372 1188 substernat

794 1500 837 1574 V.

263 1623 441 1696 epistota
452 1621 643 1694 empnam
652 1623 707 1680 ιι.
724 1610 858 1696 rapas
875 1627 926 1682 ιιιι
943 1629 1137 1684 comum
1148 1625 1370 1698 ruppmum

412 1707 563 1774 mgem
580 1712 620 1763 et
636 1709 825 1790 (loretum
847 1714 887 1766 et
905 1712 1216 1770 carlomannum

249 1797 313 1863 'pro
342 1791 493 1844 defensione
521 1807 624 1846 sanctae
646 1793 699 1846 Dei
721 1793 867 1859 Ecclesiae,
895 1798 954 1866 quia
976 1797 1118 1850 Haistulsua
1138 1796 1248 1848 irritum
1273 1797 1371 1846 fecerat

262 1889 381 1946 pactum,
405 1877 478 1947 quod
496 1895 556 1928 eum
574 1877 608 1930 eis
626 1880 735 1942 lecerat,
759 1893 783 1932 et
799 1900 874 1934 cuum
890 1896 1078 1934 suffimentum
1095 1900 1151 1934 non
1168 1889 1372 1959 conservaverat,

422 1991 425 1998 ν
474 1959 540 2014 sicut
556 1961 686 2032 pollicitus
704 1961 800 2018 eisdem
816 1963 930 2032 Regibus
946 1968 1038 2033 fuerat,
1057 1979 1103 2020 etc.
1115 1964 1151 2035 Ι).

235 2151 239 2170 ,
315 2094 442 2158 Domuis
462 2094 709 2158 excellentissimis
729 2098 797 2184 filiis
811 2098 943 2180 Pippino
954 2099 1031 2180 Regi
1051 2110 1081 2159 et
1099 2111 1202 2158 nostro
1223 2091 1368 2175 spirituali

260 2187 422 2267 compatri,
443 2187 555 2250 Carolo
576 2201 606 2250 et
627 2190 829 2253 Carlomanno
849 2191 919 2251 item
938 2189 1085 2270 Regibus,
1107 2200 1137 2248 et
1156 2189 1289 2268 utrisque
1309 2187 1367 2245 Pa-

258 2279 349 2342 triciis
369 2280 587 2360 Romanorum,
616 2284 783 2364 Stephanus
803 2283 894 2362 Papa.
937 2282 1017 2340 Dum
1041 2281 1126 2362 regni
1145 2283 1236 2342 vestri
1255 2300 1367 2342 nomen

257 2373 338 2434 inter
356 2385 467 2434 ceteras
488 2388 591 2456 gentes
612 2395 682 2456 erga
702 2375 845 2436 sinceram
865 2373 951 2433 fidem
970 2373 1005 2431 Β.
1016 2372 1098 2432 Petri
1117 2373 1262 2458 principis
1281 2377 1366 2455 Apo-

147 2473 150 2480 '
257 2465 402 2527 stolorum
424 2465 598 2525 lucidissime
619 2466 748 2543 fulserit,
767 2466 852 2528 valde
872 2467 1047 2528 studendum
1067 2478 1125 2544 est,
1145 2481 1179 2528 ut
1197 2469 1278 2530 unde
1299 2465 1366 2548 glo-

94 2609 96 2618 ,
154 2633 162 2648 ι
256 2557 396 2619 riosiores
416 2557 521 2618 ceteris
541 2555 708 2652 gentibus
698 2581 729 2628 ιιι
744 2559 863 2623 servitio
884 2559 964 2621 beati
983 2559 1066 2620 Petri
1085 2582 1137 2622 vos
1158 2582 1263 2624 omnes
1277 2558 1366 2620 Chri·
1458 2645 1459 2650 η

256 2651 345 2713 stiani
376 2662 523 2728 asserunt,
556 2651 626 2712 inde
657 2653 856 2734 omnipotenti
887 2652 1037 2728 Domino,
1074 2654 1124 2734 qui
1159 2655 1210 2716 dat
1242 2655 1365 2716 sulutem

255 2744 402 2826 Regibus,
428 2763 485 2824 pro
510 2743 684 2806 defensione
710 2759 827 2808 sanctae
853 2766 921 2806 suae
941 2745 1090 2806 Ecclesiae
1111 2748 1274 2828 perfectius
1299 2747 1363 2826 pla-

255 2837 356 2914 ceatis,
375 2847 408 2897 ut
426 2837 524 2912 fidem,
547 2857 633 2916 quant
655 2834 724 2919 erga
745 2838 914 2918 eundem
890 2827 1054 2919 principem
1073 2841 1290 2922 Apostolorum
1311 2857 1364 2898 co·
1384 2859 1389 2870 ·

255 2931 325 3007 litis,
346 2930 547 2990 adiutricem'
537 2952 569 2990 ιιι
582 2930 717 2992 omnibus
729 2933 867 2994 habeatis.
900 2932 1113 3012 Optaveramus
1125 2935 1254 3015 quidem,
1275 2950 1362 3014 prae-

255 3023 453 3086 cellentissimi
465 3024 529 3101 filii,
549 3024 672 3103 amplius
691 3025 869 3105 protelando
889 3036 1018 3086 nostram
1029 3025 1212 3090 locutionem
1223 3029 1362 3090 dilatare:

148 3193 151 3208 ,
253 3120 315 3181 sed,
332 3118 398 3198 quia
424 3139 480 3198 pro
506 3117 604 3178 multis
630 3117 666 3178 ab
693 3119 796 3198 iniquo
816 3116 965 3179 Haistullo
984 3117 1069 3202 Rege
1089 3119 1361 3204 Lougobardorum
1460 3135 1461 3158 ι

252 3212 340 3273 nobis
360 3212 482 3293 ingestis
501 3210 758 3302 tribulationibus,
778 3233 831 3272 cor
849 3222 983 3272 nostrum
1003 3213 1126 3292 omnino
1147 3217 1285 3276 atteritur
1305 3209 1361 3269 do-

252 3303 327 3380 lore,
347 3315 378 3363 et
395 3305 495 3364 taedet
513 3303 631 3384 spiritus
651 3317 770 3370 noster:
794 3305 862 3366 ideo
884 3325 900 3364 a
918 3304 1078 3366 multorum
1097 3327 1265 3368 sermonum
1286 3319 1360 3383 pro-

252 3395 362 3454 lixitate
383 3393 605 3470 declinavimus,
629 3407 659 3456 ct
678 3421 784 3474 unum,
812 3399 892 3480 quod
912 3410 957 3459 est
975 3399 1183 3473 necessarium,
1210 3393 1359 3457 excellen-

250 3487 377 3548 tissimae
398 3484 614 3547 Christianitati
633 3475 745 3550 uestrae
765 3489 952 3550 innotescere
971 3491 1141 3564 studuimus,
1161 3509 1177 3548 a
1193 3490 1263 3550 Deo
1284 3506 1359 3567 pro-

153 3637 156 3650 ,
250 3591 331 3639 tecte
350 3592 512 3659 nosterque
536 3579 694 3660 spiritualis
715 3592 881 3662 compater,
908 3594 938 3643 et
957 3603 1007 3645 vos
1028 3581 1183 3642 dulcissimi
1203 3583 1273 3658 filii,
1300 3596 1358 3659 pro
1444 3575 1461 3650 ‚l

152 3717 155 3725 ,
249 3672 387 3733 mercede
416 3673 577 3733 animarum
600 3685 775 3735 vestrarum:
809 3675 1053 3754 quemadmodum
1083 3675 1249 3737 misericors
1273 3673 1358 3732 Deus
1460 3689 1461 3714 ὲ

250 3776 353 3824 noster
373 3766 492 3826 caelitus
512 3765 649 3826 victorias
667 3766 751 3829 vobis
771 3767 873 3850 largiri
892 3768 1194 3852 dignatus,1ust1t1am
1212 3770 1248 3830 B
1261 3761 1357 3835 Petri,

213 3903 222 3910 .
249 3857 282 3918 iu
302 3869 442 3937 quantum
462 3859 616 3940 potuistis,
635 3859 751 3941 exigere
770 3861 931 3938 studuistis,
956 3871 987 3922 et
1005 3882 1059 3942 per
1079 3862 1247 3934 donationis
1268 3853 1355 3940 pagi-

207 3963 225 3994 ·“
250 3971 318 4011 nam
337 3952 550 4014 restituendum
570 3953 754 4016 confirmavit
772 3951 889 4015 bonitas
907 3965 1012 4016 vestra
1460 4011 1461 4022 ,

205 4045 209 4058 ’
325 4045 414 4106 Nunc
433 4040 541 4122 autem,
561 4045 646 4107 sicuti
664 4047 798 4127 primitus
819 4045 1031 4111 Christianitati
1050 4059 1163 4110 vestrae
1183 4051 1220 4110 de
1239 4038 1355 4106 malitia
1460 4029 1461 4080 l

237 4133 338 4216 -ipsius
357 4137 441 4220 impii
457 4139 546 4224 Regis
566 4140 714 4216 ediximus,
734 4133 806 4201 ecce'
823 4143 880 4201 iam
898 4141 1091 4218 mendacium,
1111 4153 1141 4248 et
1160 4143 1262 4224 iniqua
1282 4152 1354 4215 per·

157 4367 159 4374 ·
250 4341 322 4452 ma
340 4339 398 4457 εἷς
416 4341 517 4393 Corolia
543 4343 594 4389 v.11
627 4335 813 4400 Bouquetv,
832 4337 856 4402 β.
874 4345 918 4388 486
935 4355 969 4400 sq.
1004 4343 1159 4390 Gescbrieben
1178 4357 1207 4389 zu
1227 4337 1293 4386 undo
1311 4331 1354 4374 ἅθ’

323 4419 333 4452 ·
978 4431 988 4474 ι
