2960 5094
808 405 867 475 ltt

192 631 204 642 ,
289 565 368 628 enim
387 562 501 655 gladius
522 561 671 636 hominis,
688 562 740 622 sed
760 561 872 644 gladius
891 562 949 624 Dei
975 575 1018 624 est
1039 567 1088 645 qui
1107 581 1227 651 pugnat.
1272 572 1381 634 videns

287 679 413 738 namque
443 673 523 732 suam
549 653 756 734 deceptionem
780 655 896 734 iniquus
922 656 1084 720 Haistolfus
1109 661 1172 722 Rex
1195 685 1262 726 cum
1279 666 1342 728 suis
1366 687 1382 726 a

286 757 355 816 Deo
381 752 555 813 destructam
583 747 748 828 lodicibus,
773 769 828 828 per
853 747 978 809 blandos
1002 772 1153 817 sermones
1179 769 1210 818 et
1234 759 1382 818 suasiones

286 860 374 929 atque
393 852 574 907 sacramenta
585 839 740 902 illuserunt
758 841 942 920 prudentiam
953 855 1089 924 vestram,
1109 860 1139 909 et
1157 850 1224 930 plus
1243 850 1300 911 illis
1311 847 1382 912 falsa

286 941 461 1020 dicentibus,
482 957 569 1016 quam
589 937 677 997 nobis
696 934 851 1014 veritatem
871 937 1077 1015 asserentibus,
1097 943 1268 1006 credidistis.

359 1035 472 1116 Magno
493 1031 620 1108 namque
640 1026 743 1096 dolore
769 1039 799 1088 et
823 1028 954 1102 tristitia,
979 1032 1213 1097 excellentissimi
1237 1037 1306 1112 filii,
1330 1057 1382 1097 cor

283 1140 416 1191 nostrum
447 1125 592 1206 repletum
625 1132 684 1194 est,
713 1141 765 1180 cur
792 1119 912 1182 minime
934 1122 1058 1186 Bonitas
1081 1141 1176 1190 vestra
1201 1152 1257 1192 nos
1281 1131 1382 1192 audire

282 1221 385 1284 voluit.
434 1217 543 1279 Omnia
568 1213 712 1292 denique,
743 1233 822 1293 quae
840 1234 895 1294 per
913 1215 972 1275 Dei
996 1217 1155 1282 iussionem
1179 1222 1382 1300 voltislocuti

282 1331 395 1392 sumus,
429 1309 571 1375 veraciter
604 1293 759 1382 ediximus,
794 1317 826 1366 et
861 1307 918 1367 iam
949 1311 1095 1389 patefacta
1125 1328 1208 1393 sunt,
1244 1329 1277 1377 ut
1304 1317 1381 1378 iacta

280 1409 344 1489 ipsa
379 1408 587 1469 demonstrant
643 1397 762 1458 Etenim
797 1400 882 1462 sicuti
918 1402 1051 1482 primitus
1081 1407 1295 1474 christianitati
1329 1431 1381 1472 ve-

280 1513 358 1564 strae
388 1497 542 1567 ediximus,
571 1489 687 1570 iniquus
713 1491 874 1554 Haistolius
898 1495 977 1572 Iler,
1007 1498 1141 1582 ingresso
1166 1503 1198 1563 in
1224 1504 1286 1565 eius
1310 1523 1380 1584 per-

280 1595 340 1656 lido
367 1590 458 1654 corde
482 1582 631 1659 Diabolo,
662 1586 777 1663 omnia,
807 1607 882 1666 quae
911 1610 967 1669 per
990 1607 1204 1658 sacramentum
1228 1599 1263 1658 B.
1287 1598 1380 1658 Petro

280 1709 335 1770 per
365 1693 478 1747 vestros
508 1678 612 1738 Missos
641 1680 820 1740 restituenda
847 1684 997 1761 promisit,
1033 1685 1115 1748 irrita
1143 1688 1230 1768 iecit,
1262 1702 1294 1752 et
1323 1712 1380 1752 nec

279 1781 364 1842 unius
387 1773 476 1856 palmi
500 1783 597 1832 terrae
625 1771 750 1851 spatium
774 1773 809 1832 B.
834 1773 926 1834 Petro
958 1777 1083 1840 reddere
1113 1783 1214 1845 voluit
1272 1785 1301 1844 A
1333 1785 1380 1847 die

279 1873 357 1934 euim
376 1867 441 1944 illo,
461 1885 520 1947 quo
540 1885 557 1924 a
576 1863 716 1926 melliflua
726 1865 866 1926 Bonitate
885 1879 980 1929 vestra
999 1874 1126 1952 separati
1136 1896 1244 1952 sumus,
1263 1888 1379 1938 tantum

133 1976 136 1988 ’
196 2005 208 2018 ..
278 1987 335 2027 nos
355 1961 489 2043 affligere
516 1969 545 2022 et
563 1957 706 2018 tribulare
725 1958 801 2018 visus
821 1970 879 2034 est,
907 1975 1047 2042 quantum
1066 1987 1128 2028 non
1147 1981 1249 2049 potest
1268 1991 1302 2032 os
1322 1973 1378 2032 ho·

278 2057 365 2118 minis
392 2071 559 2115 ennae-rare.
602 2051 639 2110 Iu
663 2071 770 2133 magna
795 2071 921 2135 namque
947 2057 1139 2139 despectione
1163 2074 1294 2123 sanctam
1318 2065 1378 2125 Dei

278 2141 451 2230 Ecclesiam,
470 2131 648 2207 et‘nostram
669 2143 876 2223 humilitatem,
896 2161 928 2208 et
946 2164 1059 2210 vestros
1078 2153 1182 2213 Missos
1203 2154 1314 2217 habere
1333 2158 1376 2218 vi-

258 2265 323 2306 sus
344 2253 398 2318 est,
418 2239 485 2320 quia
506 2240 592 2301 etiam
612 2239 697 2300 etad
717 2243 847 2298 nostram
867 2239 1018 2318 propriam
1039 2242 1164 2303 animam
1185 2249 1375 2311 auferendam

201 2383 206 2402 .
276 2335 352 2398 mala
363 2335 423 2396 eius
443 2333 599 2415 imperatio
620 2331 650 2392 et
669 2329 831 2390 summissio
850 2329 927 2390 facta
940 2344 991 2392 est.
1032 2335 1113 2412 Quid
1125 2339 1217 2402 multa
1238 2343 1377 2405 dicianus?

277 2433 407 2490 Tantum
426 2447 481 2486 nos
500 2423 661 2498 tribulavit,
682 2421 749 2500 quia
770 2422 872 2499 etiam,
891 2423 915 2482 si
936 2425 993 2486 dici
1012 2439 1126 2508 potest,
1152 2443 1182 2492 et
1201 2434 1282 2516 ipsos
1303 2438 1376 2519 lapi-

278 2524 329 2583 des
355 2539 411 2602 pro
437 2515 525 2578 nobis
549 2515 671 2576 flerent:
695 2525 794 2575 tamen
819 2515 918 2576 omnia
941 2531 1038 2581 vester
1058 2517 1252 2590 Consiliarius
1270 2531 1377 2592 Folra-

275 2615 328 2676 dus
347 2609 506 2692 Presbyter
526 2606 675 2682 etAbbas,
694 2627 752 2674 una
772 2609 837 2670 cuin
856 2609 913 2670 suis
932 2613 1029 2690 sociis,
1048 2616 1072 2676 si
1090 2613 1190 2680 Deum
1210 2643 1283 2702 prae
1304 2645 1376 2685 ocu-

196 2768 198 2773 ,
275 2709 310 2768 lis
330 2707 452 2780 habent,
471 2701 556 2764 vobis
577 2719 713 2760 enarrare
723 2713 855 2782 possunt.
892 2704 1063 2786 Nonenim,
1083 2711 1150 2790 quia
1169 2712 1228 2776 iarn
1239 2717 1376 2792 reddere,

221 2829 222 2832 ¹
275 2812 310 2861 ut
329 2795 497 2872 constituit,
516 2793 637 2876 propria
655 2793 690 2852 Β.
711 2794 793 2856 lietri
811 2796 921 2873 voluit,
945 2801 997 2861 sed
1017 2804 1103 2864 etiam
1122 2826 1268 2872 scameras
1287 2799 1377 2891 atque

251 2927 253 2932 ·
275 2889 519 2974 depraedationes
543 2908 595 2950 seu
615 2887 828 2950 devastationes
854 2889 886 2949 in
906 2891 1125 2978 civitatibus‘et
1143 2897 1217 2962 locis
1236 2903 1272 2964 Β.
1293 2903 1376 2964 Petri

275 2987 373 3049 iacere
393 3005 441 3049 sua
463 2980 658 3064 imperatione
678 3002 734 3043 nec
755 2983 886 3061 cessavit,
906 2987 963 3046 nee
983 3001 1083 3050 cessat.
1123 2990 1243 3055 Oblitus
1264 2997 1376 3077 quippe

274 3091 318 3142 est
336 3081 444 3155 Deum,
458 3075 515 3156 ¹qui
534 3075 605 3136 fecit
624 3094 707 3150 euru,
727 3088 757 3136 et
775 3077 862 3138 fidem
884 3077 1085 3142 Christianam
1099 3093 1297 3168 transgressus
1318 3101 1374 3156 est:

274 3173 426 3254 quomodo
446 3168 565 3231 alterius
586 3169 748 3229 credendus
770 3182 814 3230 est
833 3173 893 3232 sive
914 3174 989 3253 ipse,
1008 3175 1068 3236 sive
1089 3177 1150 3238 eius
1171 3184 1375 3258 consentanei,

274 3267 324 3345 qui
342 3279 423 3326 tanta
433 3264 493 3324 Dei
512 3261 642 3346 mysterii
661 3276 840 3326 sacramenta
850 3265 1051 3347 praebuerunt
1070 3281 1101 3330 et
1119 3271 1374 3335 noluemntcon-

273 3376 398 3418 servare.
437 3357 518 3416 Vere
538 3357 615 3416 enim
637 3357 735 3417 omnia
759 3358 844 3420 vobis
863 3360 1057 3440 praediximus
1077 3363 1113 3426 de
1133 3364 1262 3426 eiusdemi
1290 3367 1375 3450 impii

272 3449 363 3534 Regis
382 3447 536 3511 mendacio
557 3458 588 3536 et
599 3446 738 3509 falsitate:
759 3463 789 3510 et
809 3453 1052 3530 quemadmodum
1065 3457 1195 3529 diximus,
1214 3458 1374 3520 manifesta

272 3555 340 3605 sunt
358 3541 454 3618 vobis,
474 3551 505 3602 et
522 3539 683 3620 periurium
704 3540 764 3600 cius
784 3535 960 3604 declaralum
981 3558 1032 3606 est.
1060 3541 1122 3606 Pro
1144 3567 1203 3625 quo
1223 3563 1298 3630 peto
1309 3575 1375 3631 vos,

192 3679 194 3686 ·
275 3634 509 3699 excellentissimi
536 3645 566 3694 et
585 3654 601 3692 a
620 3631 689 3693 Deo
710 3635 837 3713 protecti
856 3635 935 3712 filii,
948 3651 979 3698 et
997 3639 1081 3698 nimis
1100 3638 1244 3719 obsecro,
1271 3646 1375 3708 doleat

271 3731 358 3792 vobis
383 3751 440 3812 pro
460 3739 560 3790 sancta
579 3727 639 3788 Dei
658 3729 806 3804 Ecclesia,
831 3739 861 3789 et
878 3729 914 3789 B.
934 3730 1016 3791 Petri
1040 3752 1138 3793 causa:
1164 3747 1195 3794 et
1215 3756 1293 3814 quae
1318 3760 1374 3820 per

178 3878 181 3884 .
273 3823 465 3896 donationem
488 3822 524 3882 B.
553 3821 644 3886 Petro
672 3821 859 3884 offerendum
885 3823 1072 3906 promisistis,
1102 3827 1129 3888 ei
1159 3829 1374 3907 possidendum

272 3917 448 3980 contradere
469 3915 607 3976 debeatis.
651 3917 832 3978 Mementote
859 3930 889 3978 ct
908 3939 1024 3998 semper
1046 3917 1079 3979 iu
1098 3921 1201 3982 vestris
1227 3943 1373 4002 praecor-

271 4008 325 4070 diis
352 4008 476 4070 firmiter
499 4021 600 4068 tenete
625 4009 705 4089 quod
728 4010 900 4090 promisistis
926 4005 1020 4072 eidem
1044 4013 1164 4074 ianitori
1188 4017 1277 4098 regni
1302 4038 1372 4079 cae-

271 4100 376 4162 lorum.
415 4102 502 4163 Nulla
521 4102 578 4160 iam
597 4123 650 4164 vos
669 4103 789 4164 seducat
807 4103 902 4166 suasio
923 4116 972 4166 aut
986 4106 1180 4188 acceptilatio.
1221 4107 1372 4170 Conside-

269 4203 332 4252 rate
366 4217 451 4274 quam
477 4195 562 4258 sortis
590 4197 685 4258 existit
704 4208 821 4258 exactor
847 4195 923 4259 idem
943 4198 1080 4280 princeps
1099 4199 1315 4282 Apostolorum
1336 4204 1372 4263 B.

269 4284 390 4349 Petrus:
409 4290 508 4352 videte
529 4289 638 4368 omnia,
652 4310 725 4372 quae
747 4290 774 4351 ei
793 4292 976 4372 promisistis,
997 4304 1027 4354 et
1045 4293 1308 4373 perdonationem
1322 4296 1371 4356 oi·
1461 4349 1462 4368 ,

269 4376 422 4443 terendum
442 4385 568 4464 polliciti
587 4385 671 4463 estis,
691 4387 864 4449 contradere
885 4385 1036 4465 festinate,
1056 4398 1169 4447 utnon
1189 4371 1319 4466 lugeatis
1338 4389 1370 4448 iu
1461 4379 1462 4428 l
