2900 5086
75 559 167 616 mus‚
195 539 333 602 videficet
347 549 380 600 ut
397 541 430 600 in
450 539 595 600 electione
608 536 785 602 Pontificum
805 562 903 624 neque
922 543 999 606 liber
1018 565 1115 626 neque
1133 565 1196 607 rer-

73 651 137 696 vus
162 633 282 713 adhoc
306 633 407 696 venire
431 643 612 713 praesumat,
640 645 674 694 ut
696 633 754 695 illis
773 635 936 714 Romanis,
960 658 1034 718 quos
1058 639 1095 700 ad
1119 641 1196 702 banc

76 725 274 788 electionem
298 736 353 808 ptr
384 727 625 787 constitutionem
650 726 829 790 Sanctorum
851 731 972 791 Petrum
997 732 1116 812 antiqua
1141 733 1194 793 ad·
1259 741 1262 746 '

74 821 172 881 misit
193 821 393 895 consuetudo,
419 817 539 898 aliquod
558 818 647 879 iaciat
673 819 924 902 impedimentum.
965 825 1057 901 Quod
1081 826 1105 884 si
1130 826 1194 904 quis

75 925 198 974 eontra
217 915 293 977 bane
312 926 442 976 nostram
462 913 703 974 constitutionem
723 915 824 978 venire
844 918 1085 999 praesumpserit,
1105 917 1192 978 exilio
1249 993 1253 1006 Ι

72 1007 232 1068 tradatur.
326 1015 330 1027 ¹
598 1015 608 1024 “
1096 1027 1101 1040 ·
1159 1076 1169 1088 ,

141 1104 176 1166 8.
215 1102 341 1181 Insuper
360 1101 464 1177 etiam,
493 1110 527 1159 ut
550 1099 647 1161 nullus
665 1099 821 1162 Missorum
841 1103 1192 1164 nostrorum'cuiuseum·

75 1214 143 1274 que
173 1195 374 1276 impeditionis
399 1203 602 1285 argumentum
629 1215 811 1277 componere
840 1196 945 1257 audeat
974 1198 1006 1258 in
1029 1197 1190 1278 praefatam
1268 1239 1271 1252 .

75 1285 285 1369 electionem,
304 1287 503 1367 prohibemns.
1156 1285 1158 1288 ’

68 1426 73 1440 .
142 1388 176 1447 9.
214 1382 289 1442 Nam
310 1393 340 1442 et
358 1383 416 1443 boc
436 1379 608 1448 omnimodo
634 1381 786 1443 instituere
812 1380 939 1461 placuit,
967 1392 1000 1442 ut
1024 1383 1074 1461 qui
1098 1382 1189 1442 semel
1209 1415 1213 1428 ι

75 1473 138 1536 sub
162 1475 346 1554 spiritualil)
367 1475 539 1537 defensione
558 1474 663 1535 Donni
681 1474 848 1554 Apostolici
871 1475 933 1536 sive
959 1486 1059 1535 nostra
1079 1475 1190 1536 fuerint

76 1569 232 1648 suscepti,
263 1567 418 1646 impetrata
442 1568 517 1627 iuste
541 1579 661 1628 utantur
685 1567 868 1628 defensione.
908 1567 1000 1642 Quod
1025 1569 1050 1628 si
1074 1568 1143 1647 quis
1157 1567 1188 1628 in

77 1680 265 1740 quemquam
284 1661 423 1736 illorum,
445 1659 495 1738 qui
513 1659 571 1720 hoc
589 1673 832 1740 promeruerunt,
857 1661 968 1722 violare
987 1679 1189 1740 praesumpse-

77 1755 139 1832 rit,
159 1753 234 1814 seiat
251 1773 283 1813 se
302 1753 464 1832 perieulum
482 1752 559 1814 vitae
578 1774 647 1814 suae
667 1775 728 1816 esse
748 1753 895 1814 incursum
906 1757 947 1833 ²).
1246 1823 1249 1828 Δ

144 1853 194 1912 10.
233 1847 311 1908 Illud
330 1848 418 1908 etiam
438 1845 654 1922 confirmamus,
673 1849 869 1926 utDonno³)
888 1845 1064 1927 Ap'ostolico
1083 1846 1188 1908 iustam

78 1941 112 2000 iu
136 1938 276 2001 omnibus
295 1951 413 2002 servent
432 1937 650 2016 obedientiam,
679 1961 732 2002 seu
750 1939 883 2002 Ducibus
903 1952 933 2002 et
951 1940 1101 2002 Iudicibus
1120 1941 1189 2016 suis,

79 2034 120 2094 ad
141 2033 309 2094 faciendam
328 2033 475 2094 iustitiam.

78 2223 301 2302 perspeximus,
330 2233 365 2281 ut
382 2219 464 2282 Missi
483 2218 587 2278 Donni
605 2217 774 2298 Apostoliei
797 2239 849 2278 seu
873 2221 968 2279 nostri
991 2212 1107 2300 semper
1129 2221 1188 2282 siut

27 2323 30 2334 '
80 2313 250 2388 constituti,
270 2315 320 2394 qui
337 2314 485 2374 annuatim
502 2311 590 2371 nobis
607 2309 781 2380 renunciare
799 2309 926 2386 valeant,
944 2311 1070 2391 qualiter
1080 2313 1189 2393 singuli

78 2410 187 2468 Duces
205 2427 239 2465 ae
258 2406 373 2466 Iudices
393 2407 506 2485 populo
525 2405 664 2466 iustitiam
684 2404 804 2464 sa'eiunt.

141 2503 190 2564 12.
230 2497 316 2556 Hanc
348 2497 534 2578 Imperialem
567 2498 808 2559 constitutionem
840 2496 991 2576 quomodo
1019 2495 1208 2575 observent„

55 2581 63 2590 ’
82 2594 147 2676 qui,
168 2590 258 2666 Missi,
279 2590 461 2652 decernimus
480 2601 514 2649 ut
532 2591 658 2670 primurn
678 2602 799 2658 cunctos
819 2591 971 2665 clamores,
991 2589 1041 2668 qui
1059 2610 1113 2669 per
1132 2579 1202 2650 ne-¹

13 2717 16 2724 ¹
81 2684 258 2769 gligentiam
268 2683 385 2744 Ducum
398 2684 445 2746 vel
462 2684 594 2745 iudicum
611 2685 722 2746 suerint
739 2683 862 2758 inventi,
882 2682 918 2742 ad
936 2682 1069 2742 notitiam
1082 2683 1187 2744 Donni

80 2776 253 2860 Apostolici
277 2776 426 2853 delerant,
458 2789 489 2837 et
513 2777 575 2858 ipse
600 2799 689 2838 unum
716 2776 868 2838 eduobus
889 2775 994 2858 eligat,
1023 2789 1074 2836 aut
1090 2777 1187 2838 statim

83 2893 141 2952 per
161 2869 281 2930 eosdem
299 2867 404 2928 Missos
424 2869 496 2928 fiant
514 2873 702 2931 necessitates
729 2871 925 2945 emendatae„
946 2881 996 2930 aut
1014 2871 1105 2932 Misso
1129 2892 1187 2932 no-

86 2977 153 3028 stro
189 2961 278 3024 uobis
305 2960 495 3021 renuntiante
524 2982 580 3040 per
604 2975 722 3022 nostros
743 2963 872 3022 Nuntios
902 2962 1031 3032 anobis
1060 2964 1187 3026 directos
1231 2986 1238 3008 ’κ

81 3057 288 3122 emendentur.

139 3158 190 3220 13.
229 3149 297 3208 Hoc
322 3159 355 3206 ut
378 3147 414 3206 ab
442 3146 577 3208 omnibus
603 3145 739 3206 fidelibus
760 3145 886 3206 Sanctae
905 3145 1055 3208 Ecclesiae
1080 3159 1111 3211 et
1134 3168 1186 3208 ve-

81 3247 150 3308 stris
171 3243 286 3304 firmum
306 3261 367 3301 esse
388 3243 537 3314 credatur,
568 3239 707 3320 propriae
727 3259 828 3297 manus
852 3238 1022 3319 signaculo,
1048 3251 1079 3300 et
1096 3239 1186 3300 nobi-

83 3339 158 3398 lium
178 3335 361 3415 Optimatum
381 3345 548 3395 nostrorum
568 3330 830 3410 subsrciptionibus
855 3329 913 3394 hoc
938 3339 1055 3410 paetum
1074 3333 1187 3392 coniit-

82 3431 222 3492 mationis
240 3439 359 3489 nostrae
379 3427 597 3504 roboravimus,
626 3436 657 3486 et
675 3423 764 3508 sigilli
789 3423 884 3485 nostri
903 3424 1094 3504 impressione
1113 3427 1185 3489 assi-

8 3567 14 3584 ,
83 3524 170 3608 gnari
188 3523 328 3584 iussimus.

198 3607 253 3697 (Es
275 3616 378 3698 folgen
405 3616 451 3676 die
472 3614 725 3676 Unterschrilten.
763 3611 871 3672 Leider
896 3621 1033 3694 gestattct
1051 3633 1106 3674 uns
1133 3613 1186 3674 der

123 3713 198 3774 Plan
219 3711 311 3770 dieses
330 3710 460 3769 Werlres
479 3707 571 3783 nicht,
591 3707 636 3768 die
656 3707 802 3788 kristigen
817 3705 970 3783 Rescripte
991 3705 1040 3766 des
1060 3705 1186 3784 Heben-

122 3805 248 3879 stauleu,
266 3800 379 3862 welche
398 3801 465 3861 sich.
481 3799 625 3860 aufKarls
646 3802 695 3862 des
710 3800 842 3859 Grossen
855 3797 1038 3880 ¹Schenlnug
1057 3801 1117 3860 und
1137 3801 1185 3860 dic

123 3899 264 3958 Gr'a'nzen
287 3897 340 3956 der
357 3893 540 3976 pabstlichen
553 3893 679 3954 .Gewalt
697 3893 857 3966 beziebeu,
887 3890 952 3950 hier
973 3892 1184 3955 mitzutheilen.

121 3989 163 4049 Es
181 3989 334 4071 solgtmur
352 3989 457 4052 weiter
475 3999 567 4046 unten
591 3987 673 4046 ¹nocb
692 3985 794 4044 Kaiser
812 3985 946 4046 Lothar's
966 3986 991 4044 I.
1019 3986 1184 4045 eonsilium

106 4072 158 4140 xde
176 4081 307 4140 electione
320 4081 472 4158 Pontifieis
484 4080 614 4142 Romani
632 4093 659 4138 et
677 4077 787 4168 legibus
800 4078 1001 4141 Romcmoaasm
1018 4099 1046 4140 v.
1058 4077 1087 4136 J.
1100 4078 1185 4157 825.)

114 4191 282 4200 Μ

86 4195 112 4204 ··
127 4232 203 4285 ¹)A1.
217 4231 320 4291 speciali.
351 4260 374 4269 -
405 4235 426 4287 ²)
440 4232 648 4282 A1.incunmum.
674 4259 699 4268 -
726 4231 803 4307 ³),st
821 4211 971 4279 indominios

540 4397 739 4412 -ι-*η
