2960 5094
614 377 654 434 ,ιι

748 457 887 535 'aa

211 677 221 702 ,
315 629 355 693 de
371 625 487 686 Parthia
507 625 537 684 in
559 623 756 708 Germaniam,
775 623 835 682 sive
856 621 893 682 de
913 621 1071 684 Germania
1091 623 1121 682 in
1141 621 1309 700 Parthiam,
1332 624 1423 684 irwe-

313 719 408 794 nibus,
428 719 526 798 pueris
544 730 576 778 et
603 715 768 780 senioribus
793 735 854 774 non
879 713 973 774 solnm
999 713 1160 794 possibile,
1179 716 1231 774 sed
1251 729 1281 776 et
1303 717 1420 778 sacilli·
1453 803 1455 808 Ι

225 841 229 849 ’
300 833 390 875 ¹tunm
408 811 557 872 videretur
577 809 708 874 omnino,
726 809 897 869 utrumlibet
907 808 1022 868 Ararim
1039 808 1134 869 velint
1152 807 1285 889 accipere
1311 831 1420 892 gram-

311 904 419 978 matici,
438 925 503 962 eum
524 902 661 962 videlicet
681 901 728 980 qui
740 902 886 976 Rhenum,
905 889 957 960 vel¹
973 902 1054 960 illum
1067 899 1115 979 qui
1126 899 1304 961 Rhodanum
1324 925 1418 982 prae-

312 997 423 1078 tipitqt,
445 997 493 1074 qui
513 995 569 1054 hoc
590 993 723 1054 locorum
743 993 940 1054 confuderant
958 993 1062 1076 ignari.
1099 992 1148 1050 Ad
1162 993 1244 1052 huius
1258 995 1304 1056 rei
1327 997 1418 1058 testi-

310 1089 441 1148 moninm
460 1099 553 1148 totam
573 1087 658 1146 ciebo
680 1085 883 1158 Germaniam,
909 1105 983 1164 qnae
1003 1083 1184 1163 temporibus
1204 1085 1418 1168 gloriosissimi

309 1177 398 1260 patris
417 1180 504 1240 vestri
525 1179 692 1238 illudowici
712 1178 748 1236 dc
773 1177 894 1258 singulis
915 1177 1000 1240 hobis
1014 1183 1042 1252 ¹)
1062 1179 1104 1238 ius
1125 1180 1267 1260 regalium
1289 1203 1414 1261 posses-

308 1273 422 1338 sionum
441 1272 569 1353 singulos
590 1271 724 1330 denarios
744 1270 875 1338 reddere,
887 1271 1034 1352 compulsa
1056 1282 1113 1346 est,
1140 1271 1188 1350 qni
1209 1273 1357 1336 darentur
1377 1275 1413 1334 ad

172 1383 175 1392 ’
264 1383 267 1398 ’
307 1364 516 1425 redemtionem
538 1363 769 1432 Christianorum
786 1373 893 1422 terram
911 1364 1111 1444 promissionis
1123 1364 1332 1443 incolentium,
1354 1368 1412 1428 hoc

307 1479 362 1538 pro
383 1457 499 1536 antiqua
519 1455 718 1518 dominatione
743 1455 817 1514 atavi
843 1457 930 1516 vestri
953 1456 1070 1534 Karoli,
1094 1458 1197 1536 avique
1216 1461 1309 1522 vestri
1331 1461 1408 1520 Hlu.

308 1550 416 1612 dowici
436 1550 471 1610 ab
494 1569 530 1609 eo
550 1547 754 1609 miserabiliter
774 1547 1001 1628 implorantium.

754 1700 950 1712 μ-ν-φ--ι--ιι-ο

501 1965 758 2062 nplteptrtum
768 1863 972 2046 >illidi-llum!
989 1991 1023 2044 Ι.
1041 1991 1184 2066 Papae,
1232 1987 1238 1996 '

566 2091 679 2151 Caroli
697 2093 733 2146 M.
750 2092 881 2146 nomine
902 2093 1128 2166 compositum.
1195 2101 1201 2112 ⁶

343 2228 346 2242 '
443 2225 495 2278 'llic
512 2225 589 2280 Pater
605 2226 743 2292 Ecclesiae,
761 2227 861 2280 llornae
880 2228 965 2289 demas,
982 2227 1090 2299 inclytus
1107 2241 1216 2290 auctor„

497 2311 642 2362 Hadrianus
667 2313 781 2380 requiem
799 2309 868 2379 Papa
887 2311 974 2361 beatus
992 2311 1077 2363 habet,

443 2395 498 2458 Vir,
515 2397 556 2448 eui
574 2395 621 2446 rita
640 2394 718 2454 Deus,
736 2393 816 2463 pistas
834 2393 881 2453 lex,
899 2393 980 2457 gloria
999 2394 1122 2456 Christus,

493 2478 586 2528 Pastor
598 2477 766 2544 apostolicus,
784 2491 903 2546 promtus
920 2480 953 2534 ttd
970 2497 1049 2532 omno
1066 2481 1173 2532 botrum.

311 2623 314 2630 .
403 2561 421 2614 b
444 2560 544 2612 Nobilis
562 2579 590 2612 ex
607 2575 698 2626 magna
716 2560 812 2623 genitus
830 2561 881 2614 iam
900 2576 972 2628 gente
989 2578 1133 2632 parentum,

491 2643 545 2696 Sed
561 2643 637 2696 sacris
656 2645 733 2708 longe
750 2645 865 2697 nobilior
882 2645 985 2699 meritis.

440 2727 572 2778 Exornare
588 2728 691 2778 studens
710 2729 802 2779 devoto
820 2743 924 2796 pectore
942 2729 1034 2782 Pastor

477 2807 595 2875 ¹Semper·
611 2796 707 2878 ubique¹
724 2831 771 2862 sno
791 2813 885 2882 templa
904 2829 999 2866 sacrata
1017 2815 1085 2878 Deo,

436 2887 562 2942 Ecclesias
580 2892 668 2953 donis,
686 2893 799 2964 populos
817 2909 841 2948 et
859 2897 977 2961 dogmate
994 2915 1083 2952 saneto
1138 2893 1144 2908 ’

374 2975 413 3028 ’10
476 2973 579 3037 imbuit,
597 2989 621 3026 et
639 2977 734 3028 cunctis
751 2979 841 3047 pandit
859 2981 891 3032 ad
910 2994 974 3032 astra
993 2979 1073 3034 viam:

434 3055 593 3126 Pauperibus
612 3059 703 3126 largus,
720 3060 785 3112 nulli
803 3062 896 3131 pietate
914 3067 1048 3126 secundus,

483 3146 516 3196 Er
534 3162 582 3211 pro
600 3145 676 3211 plebe
695 3146 771 3198 sacris
789 3146 894 3214 pervigil
912 3148 938 3198 in
956 3148 1083 3216 precibus.
1146 3161 1149 3166 “

398 3271 400 3276 .
430 3223 572 3288 Doctrinis,
589 3227 689 3295 opibus,
702 3228 781 3282 muris
799 3243 911 3282 erexerat
927 3249 1005 3291 arcet,

479 3309 549 3362 Urbs
566 3325 644 3380 eaput
661 3312 737 3374 orbis,
755 3313 847 3374 honos,
863 3313 956 3384 inelyte
973 3312 1065 3376 Roma,
1083 3327 1144 3366 tuas.

375 3391 407 3442 15
430 3391 503 3449 Mors
521 3395 562 3445 cui
580 3393 616 3446 nil
633 3393 730 3458 nocuit,
749 3394 842 3449 Christi
860 3411 925 3466 quae
943 3411 1026 3450 morte
1043 3414 1156 3468 peremta
1175 3416 1224 3468 esta

479 3473 558 3526 lanua
575 3478 620 3527 sed
636 3478 701 3529 vitae
717 3498 787 3532 mors
803 3479 916 3532 melioris
934 3495 992 3532 erat.

428 3553 489 3607 Post
507 3547 607 3608 Patreni
626 3560 767 3628 lacrymans
786 3559 893 3612 Carolus
911 3563 974 3615 haee
993 3564 1105 3616 'carmina
1123 3565 1224 3636 scripsi:

477 3637 517 3690 Tu
538 3639 600 3692 mihi
619 3639 698 3692 dulcis
717 3659 798 3702 arnor,
815 3655 840 3692 te
857 3646 938 3697 rnodo
956 3647 1059 3714 plango,
1077 3645 1164 3700 Pater!

427 3722 467 3778 Tu
485 3744 586 3776 mernor
604 3738 656 3776 esto
674 3707 733 3786 nisi,
751 3725 865 3794 seqnitur
881 3741 906 3778 te
922 3747 994 3780 mens
1012 3749 1069 3784 mea
1086 3751 1202 3802 semper-p

304 3843 319 3866 χ
368 3805 402 3858 20
477 3805 543 3858 Cum
563 3806 664 3876 Christo
684 3821 769 3859 teneas
787 3827 864 3874 regna
881 3811 955 3864 beata
972 3812 1035 3880 poli.
1192 3808 1198 3817 ’

427 3885 465 3939 Te
484 3891 574 3952 clerus,
591 3893 703 3961 populus
719 3897 813 3956 niag'no
832 3893 919 3946 dilexit
936 3913 1038 3960 amore;

474 3971 605 4027 Omnibus
622 3995 687 4028 unns
706 3995 787 4036 amor,
807 3978 904 4046 optime
920 3977 1033 4040 Praesnl,
1052 3999 1113 4034 eras.

422 4054 535 4108 Nomina
553 4056 631 4122 iunge
650 4059 726 4112 simul
743 4060 830 4123 titulis,
848 4061 993 4122 clarissime,
1011 4075 1106 4126 noma,

471 4139 622 4203 Hadrianus,
642 4143 758 4206 Carolus,
772 4143 825 4196 Rex
843 4164 898 4212 ego,
915 4159 994 4214 terque
1011 4143 1095 4200 Pater.

362 4225 395 4277 25
419 4222 535 4292 Quisque
552 4224 618 4290 legas
636 4247 728 4292 versus,
748 4229 841 4283 devoto
859 4243 965 4299 pectore
983 4230 1096 4300 supplex,

461 4307 612 4361 -Ambornm
628 4309 705 4372 mitis,
722 4310 772 4372 die,
788 4312 907 4368 miserere
924 4313 1002 4367 Dens:
1068 4383 1080 4394 .

271 4397 465 4411 -———-·-.-

313 4435 332 4482 ¹)
345 4431 431 4487 diessen.
