2900 5086
698 646 926 724 Lxxxvltt.

484 775 857 838 Anremumttatte
889 771 1133 862 Μωυσῆν).

288 959 294 972 -
334 921 521 988 Forsacbistu
539 921 722 984 -Diabolae'l
771 917 812 979 Et
846 935 922 996 resp.
964 917 1008 978 Ec
1042 916 1179 980 forsacho
1217 915 1362 978 diabolas.

260 1018 329 1080 End
349 1019 435 1079 allum
455 1015 554 1076 diabol
573 1015 680 1100 gelde?
724 1011 814 1090 Resp.
852 1011 920 1072 End
935 1030 975 1102 lec
995 1009 1131 1072 forsacho
1152 1010 1242 1071 allum
1263 1011 1360 1072 diabol

261 1111 356 1194 gelde.
395 1109 463 1170 End
488 1109 575 1170 allum
600 1106 731 1170 dioboles
750 1103 900 1166 wercum?
943 1101 1033 1182 Resp.
1071 1105 1140 1164 End
1165 1124 1199 1166 ec
1224 1103 1359 1164 forsacho

261 1203 349 1264 allum
375 1200 504 1265 dioboles
527 1197 659 1263 'wercum
684 1187 920 1270 und'wordum3
951 1197 1042 1258 thuna
1076 1217 1157 1282 eren⁸
1172 1197 1209 1256 de
1234 1197 1359 1256 Vnoden

262 1295 319 1356 end
339 1306 477 1368 nannetes
497 1285 572 1356 ende
591 1293 678 1356 aliem
697 1293 778 1352 them
794 1289 967 1378 unholdum,
986 1290 1036 1350 the
1057 1289 1118 1350 bira
1138 1300 1263 1374 genotas
1280 1289 1345 1349 sint

295 1381 472 1472 ‘Professio
482 1387 568 1470 fidei
608 1386 768 1448 Gelobistn
793 1385 823 1442 in
844 1394 898 1468 got
917 1381 1094 1464 almehtigan
1114 1381 1235 1444 fadaer?
1272 1381 1359 1459 Καὶ».

261 1481 305 1553 Ec
324 1481 436 1563 gelobo
456 1481 487 1542 in
507 1493 561 1565 got
580 1478 758 1562 almehtigan
778 1475 887 1537 fadaer.
927 1473 1086 1536 Gelobistn
1112 1475 1143 1536 in
1164 1473 1247 1536 Crist
1271 1475 1358 1560 godes

260 1575 353 1642 suno?
376 1565 489 1652 ‘Respa
534 1575 578 1634 Ec
603 1571 715 1655 gelobo
739 1571 771 1631 in
798 1569 878 1631 Crist
900 1569 992 1652 godes
1017 1568 1101 1630 suno.
1145 1567 1306 1635 Gelobistu
1328 1568 1358 1628 in

260 1667 388 1752 halogan
408 1666 491 1752 gast?
528 1664 621 1744 flesp.
656 1667 699 1728 Ec
719 1662 830 1748 gelobo
853 1663 885 1724 in
905 1661 1033 1746 halogan
1052 1673 1125 1748 gast

1432 2043 1433 2112 i

712 1905 912 1926 ηιμ-Μ

289 2291 484 2350 naamani
500 2293 534 2348 1.
550 2163 915 2350 Pemttleiixdhillbie
932 2301 1007 2358 pro
1024 2261 1165 2346 &neoto
1181 2287 1334 2361 meane,
1432 2259 1433 2262 Ἴ

261 2413 321 2462 rege
337 2393 517 2460 Francorum,
534 2394 767 2463 Langobardorum
785 2408 810 2447 et
827 2393 1046 2456 Alamannorum,
1070 2391 1103 2446 de
1120 2389 1176 2444 iure
1194 2393 1220 2446 et
1236 2405 1360 2462 potestate

261 2478 372 2546 eligendi
387 2499 517 2534 tammum
529 2477 682 2532 Pontificem
699 2493 725 2532 ct
742 2477 881 2532 ordinandi
893 2467 1067 2548 Apostolicam
1087 2477 1181 2530 Sedena
1199 2477 1358 2542 dignitatem·

471 2581 522 2638 qne
538 2561 688 2618 Patriciatns
705 2577 730 2618 et
745 2563 904 2618 investiturae
921 2561 1111 2634 Episcoporum
1124 2560 1160 2630 ¹).

317 2705 431 2768 Itomae
451 2706 611 2768 constituta
635 2719 680 2768 eat
698 2706 806 2768 Sancta
826 2704 963 2785 Synodns
983 2725 1000 2766 a
1018 2706 1106 2770 beato
1126 2703 1261 2766 Adriano
1280 2703 1359 2785 Papa

261 2796 292 2858 in
311 2796 493 2858 Patriarchio
508 2797 714 2867 Lateranensi;
735 2797 873 2862 videlieet
891 2797 923 2858 in
935 2797 1066 2860 Ecclesia
1086 2795 1178 2860 sancti
1189 2795 1359 2874 salvatoris,

261 2883 595 2969 quae'rererendissime
615 2887 762 2954 celebrata
782 2900 826 2952 est
850 2908 867 2952 a
887 2900 1005 2956 centum
1025 2903 1056 2952 et
1074 2890 1286 2974 qninquaginta
1305 2891 1360 2950 tri-

254 2979 313 3042 bus
332 2979 400 3043 viris
419 2979 582 3062 religiosis,
609 2981 764 3062 Episcopis
795 2992 826 3044 et
843 2980 1024 3060 Abbatibus,
1052 2983 1200 3048 lodicibus
1223 2984 1360 3050 etiamst

259 3074 348 3159 Legis
371 3075 568 3150 Ductoribus,
597 3074 633 3140 ab
664 3074 805 3136 universis
836 3076 1008 3158 regionibus
1040 3087 1071 3136 et
1097 3076 1249 3142 ordinibus
1272 3077 1361 3142 huius
1433 3089 1434 3116 ³

260 3167 351 3236 almae
371 3169 466 3246 urbis,
495 3180 638 3236 aeuncto
664 3169 751 3232 etiam
773 3166 864 3232 Clero
890 3167 974 3234 huius
992 3181 1109 3234 sanetae
1128 3171 1280 3234 Romanae
1298 3173 1361 3234 Ec·
1433 3221 1434 3226 1

190 3277 197 3290 ·
259 3261 377 3326 clasiae:
407 3261 591 3343 exquirentes
615 3282 698 3338 usus,
724 3261 805 3343 leges
831 3272 862 3322 et
885 3281 982 3322 mores
1011 3262 1139 3328 eiusdem
1158 3265 1311 3332 Ecclesiae
1331 3275 1362 3326 et
1433 3257 1434 3264 ¹

258 3356 392 3437 imperiis
413 3355 656 3435 quemadmodum
676 3355 762 3422 etiam
782 3355 917 3416 haereses
937 3366 968 3416 et
986 3355 1144 3418 seditiones
1156 3357 1271 3419 aboleri
1287 3379 1359 3438 pos-

258 3459 325 3512 sent
344 3448 380 3513 de
398 3447 571 3526 Apostolira
592 3447 669 3510 Sede
690 3459 720 3510 et
740 3449 882 3531 dignitate
901 3448 1074 3515 Patriciatus
1093 3461 1124 3512 et
1140 3451 1279 3512 Romano
1299 3452 1362 3510 Im-

256 3540 360 3622 perio,
391 3561 425 3600 er
451 3538 557 3619 quibus
582 3541 717 3602 omnibus
740 3542 846 3604 nimius
871 3563 956 3604 error
980 3541 1131 3613 crescebat
1161 3544 1194 3604 ln
1219 3544 1360 3609 universo

259 3631 343 3696 orbe.
358 3699 365 3707 ,
381 3633 513 3713 Populus
538 3631 636 3711 itaque
660 3633 809 3696 Romanus
841 3636 937 3718 legem
968 3635 1116 3702 condebat
1144 3655 1229 3699 more
1260 3639 1360 3704 solito.

259 3725 320 3790 Sed
341 3725 460 3788 difficile
481 3737 544 3788 erat
561 3747 618 3808 pro
638 3746 820 3808 unoquoque
839 3729 962 3811 negotio
981 3729 1091 3791 totiens
1115 3729 1147 3790 in
1171 3751 1265 3796 unum
1285 3743 1361 3794 con-

252 3819 389 3908 gregaris
416 3821 494 3886 unde
513 3841 564 3888 sna
583 3821 614 3881 in
634 3821 678 3890 ins
698 3832 729 3888 et
748 3832 922 3908 potestatem
941 3822 1119 3911 Imperatori
1138 3835 1361 3902 concesserunt,

256 3953 457 3976 m

291 4019 321 4075 J)
334 4021 368 4066 lu
382 4007 550 4079 Kommenlar,
562 4023 622 4084 Kap.
639 4023 691 4081 vlt,
703 4024 728 4070 Ι.
742 4017 798 4076 ¹161.
835 4041 840 4049 ’
1255 4071 1260 4080 ,

294 4089 318 4132 ²)
332 4085 468 4132 Meleha'nria
480 4089 660 4144 Haimmseida’a'
671 4092 776 4138 Gotdmts'
785 4093 966 4154 Imperatorum,
979 4094 1114 4150 casurum,
1129 4093 1297 4154 Augustorum,
1311 4095 1356 4138 lte·

255 4165 311 4210 gum
325 4159 349 4198 et
362 4153 497 4212 Principum
509 4157 642 4204 Electornm
660 4157 684 4203 fl.
703 4159 803 4206 Romani
814 4160 911 4218 imperii
934 4167 1021 4206 statuta
1038 4167 1063 4206 et
1078 4161 1196 4220 mseriptn
1214 4163 1355 4220 imperialia,

254 4231 271 4294 ιΙ
283 4216 368 4262 carolo
382 4221 471 4282 ntegro
486 4223 567 4270 Primo
580 4238 594 4268 e
606 4225 730 4270 Germanis
742 4227 889 4284 imperatore
901 4241 974 4286 neque
987 4229 1018 4272 nd
1031 4227 1142 4274 carolum
1157 4231 1183 4277 V.
1196 4237 1221 4274 et
1232 4230 1355 4274 Reforma-

253 4289 341 4328 tronetn
354 4285 484 4347 Religionis
498 4296 542 4337 ete.
570 4291 677 4340 remeat.
691 4295 759 4348 1607,
770 4293 814 4338 fol.
828 4307 865 4341 nr.
879 4295 897 4346 1.
925 4295 1066 4356 Wirfrigen
1078 4293 1355 4362 nnrh'ergleiehnngbei

254 4357 323 4395 nnus·
334 4349 377 4400 Νι.
394 4357 434 4402 80.
451 4369 466 4402 a
485 4355 524 4401 dio
539 4357 606 4407 boile
619 4357 659 4408 dea
670 4359 769 4422 Peprtea
781 4359 831 4406 Leo
844 4363 921 4418 vm..
934 4363 975 4412 il'tt
987 4361 1072 4415 ttaner
1084 4363 1141 4416 otto
1152 4366 1173 4416 l.
1192 4365 1252 4416 libet·
1264 4360 1353 4416 temet*

156 4487 160 4498 ι
254 4417 474 4479 perungentem.
622 4447 624 4454 ⁸
1432 4377 1434 4458 l
