2890 5092
508 393 533 526 (¹
566 457 656 528 285

45 622 105 682 Est
125 619 173 682 ibi
191 620 302 682 molina
322 619 347 682 1.
366 621 464 684 reddit
488 621 573 682 annis
598 621 719 703 singulis
745 623 860 688 modios
879 622 950 691 XII,
988 624 1171 706 Respiriunt

46 716 86 776 ad
114 715 244 780 eandem
269 726 382 776 curtem
411 714 505 776 mansi
533 715 762 797 ingenuilestt)
786 717 947 795 vestiti⁵³)
966 717 1077 778 XXIII.
1115 721 1181 780 Er'
1290 705 1292 715 ¹

45 805 99 868 his
122 805 195 868 'sunt
214 809 267 870 VI.
286 828 413 888 quorum
436 808 535 868 reddit
558 809 756 888 unusquisque
781 809 864 871 annis
882 809 1020 890 singulis,
1050 813 1086 874 de
1106 833 1160 872 an-

45 921 133 962 nona
153 903 271 982 modios
289 896 371 963 XIV.
392 899 629 990 friskipguas⁵⁴)
648 901 705 960 lv.
728 903 764 962 de
788 901 850 963 lino
871 903 907 964 ad
927 903 1083 983 pisam⁸⁸)
1102 903 1160 966 sei-

46 997 187 1076 gam⁶⁶)
211 998 236 1062 L
263 993 360 1076 pullos
373 992 414 1052 II.
440 1013 495 1054 ova
507 995 543 1052 X.
569 994 605 1054 de
626 1013 727 1056 semen
746 994 799 1054 lini
818 997 972 1058 sextarium
992 998 1016 1056 I.
1037 998 1074 1058 de
1094 997 1160 1058 len·
1218 984 1221 992 ¹

46 1078 150 1152 ticulis
175 1088 338 1150 sestarium¹
355 1087 380 1150 1.
405 1081 549 1166 ¹operatur
573 1087 656 1146 annis
680 1085 803 1169 singulis
822 1087 1021 1170 hebdomades
1040 1092 1078 1150 V.
1099 1102 1161 1152 arat
1182 1125 1184 1133 ι

45 1178 247 1260 ἰιπηαΙεεΜ)
266 1180 322 1240 ΙΙΙ.
341 1190 420 1240 secat
440 1179 478 1240 de
496 1178 588 1241 foeno
608 1179 640 1238 in
664 1192 750 1260 prato
771 1181 920 1244 dominico
947 1184 1186 1262 carradtm⁶⁸)'

46 1273 72 1332 Ι.
95 1285 131 1334 et
151 1272 325 1349 introducit',
342 1292 453 1332 scaram
473 1272 615 1351 fecit⁵⁹>.
647 1270 823 1336 Ceterorum
842 1293 914 1336 vero
934 1287 1002 1334 sunt
1011 1271 1064 1336 VI.
1084 1297 1161 1356 quo-

9 1353 14 1370 ’
44 1381 117 1426 rnna
147 1366 347 1446 unusquisque
371 1377 435 1426 arat
459 1365 542 1430 annis
561 1364 683 1448 singulis
703 1349 831 1428 iulnales
850 1367 892 1426 II.
922 1367 1046 1428 seminat
1065 1380 1095 1430 et
1114 1371 1161 1428 in-

45 1458 204 1535 troducit,
238 1471 319 1520 secat
336 1459 367 1518 in
387 1469 472 1539 prato
494 1457 644 1520 dominico
665 1462 797 1522 carradas
817 1461 874 1520 III.
895 1471 926 1521 et
944 1457 1007 1522 illas
1026 1461 1161 1522 iatrodn-
1213 1481 1221 1504 ‘
1257 1485 1260 1490 ·

48 1551 100 1627 cit,
122 1563 268 1632 operatur
286 1553 485 1613 hebdomades
498 1552 539 1612 11.
559 1551 630 1610 dant
649 1551 728 1612 inter
746 1554 819 1614 duos
839 1554 871 1612 in
890 1553 975 1648 hoste
992 1545 1162 1634 bovem⁶⁰)
1201 1573 1203 1578 ·

47 1645 89 1704 1.:
113 1646 236 1724 quando
256 1645 288 1706 in
307 1645 423 1706 bostem
442 1665 505 1706 non
525 1655 664 1726 pergunt,
685 1645 798 1724 equitat
816 1667 994 1727 quocunque
1014 1645 1059 1706 illi
1076 1667 1162 1727 prae-

51 1738 166 1818 cipitur
181 1748 292 1798 etsunt
306 1738 399 1798 mansi
410 1739 447 1798 V.
464 1738 515 1816 qui
532 1739 602 1798 dant
617 1738 701 1799 annis
716 1739 809 1800 mansi
821 1744 833 1781 ⁰
844 1739 873 1817 ¹)
885 1740 937 1798 IV.
958 1761 1083 1820 quorum
1101 1752 1164 1800 arat

49 1830 258 1910 unusquisque
272 1830 354 1890 annis
365 1830 485 1916 singulis
498 1832 627 1897 iurnales
637 1833 690 1892 IX.
706 1831 832 1894 seminat
849 1844 880 1892 et
893 1833 1066 1911 introducit,
1083 1847 1164 1896 secat
1268 1894 1275 1920 κ
1386 1819 1399 1878 Ῐ

50 1924 82 1983 in
95 1935 187 2004 prato
199 1923 348 1984 dominIco
363 1924 496 1984 carradas
507 1925 561 1984 IV.
572 1937 602 1984 et
610 1924 683 1984 illud
697 1925 875 2000 introducit,
888 1938 1027 2006 operatur
1039 1927 1071 1988 in
1083 1949 1162 1988 anno

49 2017 257 2078 hebdomades
268 2017 322 2074 VI.
334 2036 445 2076 scaram
456 2015 527 2076 facit
536 2017 573 2076 ad
584 2017 682 2078 vinum
694 2017 871 2094 ducendum,
883 2019 964 2079 fimat
972 2023 984 2060 θ
992 2023 1023 2098 ²)
1038 2021 1074 2080 de
1081 2024 1164 2080 'terra

52 2107 359 2172 dominicaiurnalem
372 2109 397 2168 1.
410 2109 447 2188 de
458 2108 542 2190 ligno
553 2110 645 2170 donat
655 2111 829 2172 carradasX.
852 2113 893 2172 Et
903 2123 1029 2174 estunus
1039 2135 1164 2191 mansus,
1210 2182 1217 2192 ,
1301 2187 1308 2194 ,

52 2204 105 2282 qui
133 2202 261 2281 arat⁰³)
286 2201 369 2265 aunis
402 2201 524 2284 singulis
553 2201 681 2262 iurnales
705 2203 758 2264 IX.
783 2204 908 2290 seminat
939 2217 969 2266 et
992 2207 1164 2282 introducit,

52 2308 138 2357 secat
159 2297 196 2356 de
216 2296 308 2356 foeno
328 2295 360 2356 in
380 2305 466 2375 prato
487 2295 636 2356 dominico
657 2294 789 2356 carradas
800 2297 866 2366 ,nt
887 2307 917 2358 et
941 2296 1005 2358 illas
1030 2299 1164 2360 introdu-

52 2389 106 2464 cit,
126 2409 240 2448 scaram
254 2389 333 2464 facit,
349 2388 536 2468 parafredum
556 2388 658 2462 donat,
678 2399 818 2468 operatur
836 2387 869 2448 in
889 2408 968 2448 anno
989 2389 1164 2468 septimanas

52 2483 92 2540 V.
114 2479 237 2542 serviles
256 2501 327 2542 vero
352 2481 445 2540 mansi
468 2482 566 2542 vestiti
584 2481 664 2542 XIX.
693 2501 818 2561 quorum
844 2481 942 2552 reddit
965 2482 1165 2564 unusquisque

54 2575 143 2636 annis
163 2573 284 2656 cingulis
304 2572 474 2655 friskingam
493 2575 518 2634 Ι.
538 2575 638 2655 pullos
650 2576 687 2634 V.
708 2595 763 2636 ora
774 2575 811 2634 X.
831 2573 924 2634 nutrit
942 2574 1091 2655 porcellos
1112 2578 1166 2644 do·

54 2669 184 2746 mimicos
204 2667 322 2745 ΝΜ)
342 2677 406 2727 arat
425 2666 574 2728 dimidiam
593 2669 817 2745 araterrium),
837 2680 978 2747 operatur
998 2667 1029 2726 in
1049 2666 1166 2730 hebdo-

56 2763 143 2823 made
164 2761 223 2824 111.
244 2759 320 2835 dies,
339 2779 450 2820 scaram
470 2759 558 2834 facit,
587 2759 773 2840 parafredum
794 2761 893 2822 donat.
933 2763 1017 2836 Uror
1036 2783 1108 2824 vero
1127 2763 1165 2829 it-

58 2853 113 2914 lius
135 2853 209 2914 facit
237 2851 395 2920 camisilem
414 2853 444 2914 Ι.1
459 2864 490 2914 et
515 2853 648 2914 sarcilem
668 2855 693 2914 Ι.
720 2853 841 2914 conficit
865 2855 983 2918 bracem
1010 2866 1040 2916 et
1064 2855 1183 2936 coquit.

58 2947 241 3026 panem⁶⁰).
280 2946 404 3006 Restant
423 2944 502 3006 enim
522 2947 559 3004 de
579 2947 644 3024 ipso
665 2947 837 3027 episcopatu
856 2961 953 3010 curtes
972 2949 1108 3025 v11.·⁷)
1129 2951 1166 3012 de

60 3040 168 3119 quibus
188 3039 241 3126 lric¹
255 3037 420 3106 breviatum
438 3057 501 3098 non
520 3049 579 3111 est,
608 3039 661 3100 se‘d
685 3040 717 3098 in
740 3060 850 3100 summa
869 3051 965 3100 totum
985 3042 1166 3106 continetur.

60 3132 162 3194 Habet
183 3133 294 3218 quippe
312 3152 423 3202 summa
442 3131 635 3212 Augustensis
660 3131 845 3213 episcopatus
864 3154 981 3194 mansos
994 3123 1166 3216 =ingenuiles

60 3226 183 3286 vestitos
193 3225 274 3285 mille
285 3225 357 3284 VI.⁸
365 3227 396 3302 ⁸)
406 3225 615 3286 absosXXXV.
624 3226 744 3286 serviles
756 3246 826 3286 vero
838 3226 959 3286 vestitos
973 3223 1166 3286 CCCCXXI.
1216 3285 1220 3311 Ι

61 3317 147 3380 absos
167 3299 265 3378 XLV.
313 3319 398 3378 Inter
428 3317 595 3400 ingenuiles
619 3329 717 3378 autem
742 3329 772 3380 et
797 3318 916 3380 serviles
939 3317 1060 3382 vestitos
1085 3318 1166 3390 mille

64 3409 302 3474 CCCCXXVII.
322 3410 408 3472 absos
427 3410 544 3471 LXXX.
582 3409 727 3486 Explicit.

63 3577 115 3640 De
139 3580 219 3640 illis
245 3579 397 3642 clericis
423 3590 458 3642 et
482 3581 606 3657 laicis,
639 3580 705 3662 qui
731 3580 881 3640 illorum
906 3581 1166 3662 proprietates

66 3670 304 3754 donaverunt
339 3674 384 3734 ad
415 3675 701 3752 monasterium,
740 3673 836 3754 quod
872 3674 980 3756 vulgo
1013 3689 1167 3740 vocatur

120 3757 446 3848 vuitenbu'rchtt)
467 3779 502 3828 et
521 3789 537 3829 e
558 3781 687 3830 contra
706 3779 932 3849 receperunt
950 3768 992 3829 ad
1010 3791 1107 3832 usum
1136 3841 1144 3864 ι

490 3861 741 3924 fructuarium.

122 3971 266 4042 Hartuvie
291 3972 447 4053 presbyter
470 3971 591 4033 tradidit
614 3975 651 4034 ad
675 3973 771 4053 ipsum
795 3974 1005 4034 monasterium
1031 3974 1164 4054 supradi-

69 4074 151 4144 ctum,
164 4066 195 4126 in
215 4085 292 4146 pago
311 4065 522 4142 Vuormacinse
541 4066 729 4128 medietatem
749 4067 785 4126 de
804 4065 854 4126 illa
874 4066 1006 4140 ecclesia,
1027 4084 1102 4143 quae
1122 4076 1167 4126 eet
1260 4063 1272 4070 “

70 4169 234 4220 constructa
253 4157 284 4216 in
303 4157 371 4218 villa
383 4157 655 4236 Hesaicbbeim⁷⁰)‚
675 4169 705 4220 et
718 4180 784 4219 cum
797 4179 861 4220 casa
877 4157 1063 4229 dominicata,
1081 4177 1166 4217 man-
1250 4195 1256 4201 -

71 4267 115 4310 sos
134 4252 254 4314 vestitos
273 4249 393 4312 serviles
405 4251 467 4314 IV.
488 4263 518 4312 et
537 4252 574 4312 de
594 4251 685 4312 vineis
704 4253 893 4332 picturas⁷¹)
912 4252 949 4310 V.
972 4261 1002 4310 et
1026 4268 1043 4308 e
1063 4262 1166 4312 eontra

71 4344 175 4425 recipit
192 4344 271 4405 illam
292 4343 445 4404 eeclesiam
463 4342 494 4402 in
514 4343 582 4404 villa
601 4345 798 4421 Unkenstein,
818 4356 933 4406 etcum
953 4364 1018 4406 casa
1038 4344 1165 4406 domini·
1265 4415 1268 4420 ¹

74 4445 150 4514 cata,
172 4457 288 4504 mansos
307 4437 427 4503 vestitos
446 4436 567 4504 serviles
584 4437 637 4502 VI.
657 4440 693 4507 de
712 4440 805 4508 vineis
824 4438 951 4520 picturas
969 4423 1063 4528 V3⁸de
1082 4449 1165 4521 prata
