2908 5094
683 361 965 486 ‘ron'

190 613 192 622 =
278 555 410 636 caete'rm
428 573 640 654 principaliter,
660 581 692 632 ut
704 572 813 634 'subter
832 574 974 658 inscrtum
994 579 1054 645 est,
1066 567 1169 629 ⁴tutius
1195 567 1282 660 regni
1302 587 1384 628 con-

277 669 420 730 federatio
440 667 471 726 in
491 665 650 726 maioribus
669 666 716 728 vel
736 664 914 739 minoribns,
938 661 1058 745 singulis
1084 661 1249 742 quibusque
1275 659 1384 740 qnoti-

278 754 370 823 dianis
390 760 609 820 necessitatibus
631 757 851 818 occurrentibus
866 777 931 816 curn
944 755 1058 816 Palatio
1069 753 1383 844 conglutinabantur:

275 855 327 916 scd
347 873 403 915 nec
423 853 480 933 ipsi
505 852 671 932 superiores
696 871 797 912 omnes
824 849 984 930 aequaliter
1002 859 1127 928 propter
1145 847 1382 908 ministeriorum

253 947 488 1022 diversitatem,
514 945 695 1025 qualitatem,
718 943 766 1004 vel
791 940 1029 1004 couvenientiam
1053 940 1193 1020 prodesse
1220 949 1382 1020 poterant:

274 1061 339 1100 curn
359 1051 459 1099 tamen
479 1037 575 1098 nullus
594 1055 625 1096 se
644 1047 768 1117 propter
787 1035 856 1096 fidei
875 1033 1046 1124 seruandam
1064 1032 1218 1094 veritatem
1246 1033 1327 1116 regis
1349 1043 1383 1093 et

272 1133 370 1215 regni,
389 1141 422 1190 ut
441 1129 620 1212 praedictum
641 1138 694 1214 est,
712 1121 888 1188 subtrahere
908 1127 1064 1206 potuisset,
1088 1125 1136 1202 vel
1155 1125 1244 1186 etiam
1263 1126 1381 1188 volnis-

272 1233 326 1284 set.
364 1222 413 1282 De
433 1241 555 1301 quorum
575 1219 709 1308 personis
729 1219 775 1279 vel
794 1219 976 1294 ministeriis,
1003 1239 1177 1300 quamquam
1202 1217 1288 1300 plura
1308 1220 1380 1295 sint,

273 1335 348 1394 quae
368 1313 510 1388 dicantur,
529 1313 602 1373 haec
620 1323 719 1371 tamen
740 1309 899 1392 praecipue
918 1301 1111 1372 habebantur.
1272 1315 1274 1320 '

293 1443 294 1452 κ
330 1407 444 1467 XVIII.
485 1405 646 1485 Imprimis,
666 1416 699 1465 ut
717 1405 793 1464 iuxta
814 1405 1012 1485 cuiuscunque
1031 1404 1184 1465 ministerii
1203 1405 1379 1484 qualitatem

271 1501 318 1563 vel
341 1499 533 1579 quantitatem
551 1496 698 1574 minister,
725 1498 831 1560 nobili·
847 1499 936 1558 corde
956 1509 989 1559 et
1006 1509 1134 1578 corpore
1152 1509 1308 1574 constans,
1327 1520 1376 1558 ra-

174 1653 180 1664 ,
270 1592 432 1667 tionabilis,
452 1590 602 1666 discretus,
623 1601 655 1650 et
672 1589 786 1650 sobrius
806 1591 981 1674 eligeretur:
1001 1593 1051 1652 sed
1064 1611 1120 1654 nec
1140 1591 1191 1652 illa
1202 1591 1375 1652 sollicitudo

271 1687 382 1760 decrat,
401 1693 443 1759 ut,
463 1685 486 1742 si
506 1681 570 1742 fieri
588 1683 747 1762 potuisset,
771 1683 846 1744 sicut
870 1685 926 1745 ho¹c
952 1705 1076 1770 regnum
1096 1685 1164 1744 Deo
1191 1695 1315 1744 auctore
1340 1704 1375 1743 ex

269 1779 402 1863 pluribus
422 1775 594 1859 regionibus
614 1787 743 1850 constat,
765 1793 799 1836 ex
816 1777 936 1839 diversis
956 1778 1043 1838 etiam
1064 1777 1172 1837 eisdem
1190 1777 1375 1854 regionibus,

187 1933 189 1942 .
268 1883 319 1931 aut
337 1871 368 1930 in
386 1869 493 1952 primo,
513 1879 563 1928 aut
582 1867 613 1928 in
633 1865 781 1945 se‘cundo,
806 1870 962 1931 autetiam
982 1871 1013 1930 in
1040 1869 1174 1950 quolibet
1192 1868 1261 1928 loco
1280 1869 1374 1929 iidem

207 1995 214 2006 ·
267 1962 393 2024 ministri
414 1961 604 2044 eligerentur,
626 1960 750 2040 qualiter
776 1961 944 2024 familiarius
970 1981 1102 2044 quaeque
1126 1961 1265 2044 regiones
1290 1961 1373 2042 pala-

266 2057 339 2118 tium
356 2057 436 2116 'adire
456 2065 587 2134 possent,
608 2053 675 2113 dum
695 2073 763 2114 suae
784 2057 976 2139 genealogiae
994 2056 1043 2118 vel
1062 2053 1193 2138 regionis
1214 2065 1371 2114 consortes

266 2149 300 2210 in
320 2148 430 2230 palatio
449 2146 585 2206 locorum
604 2156 710 2206 tenere
733 2162 958 2229 cognoscerent.

323 2241 403 2302 XIX.
442 2239 495 2300 His
516 2239 556 2298 ita
577 2239 707 2299 breviter
728 2240 764 2300 de
785 2241 928 2325 eligendis
948 2253 978 2302 et
1003 2243 1211 2303 constituendis
1229 2231 1374 2302 ministris

208 2407 216 2419 ι
266 2333 439 2415 praedictis,
459 2349 538 2393 nunc
558 2332 594 2392 ad
615 2334 777 2394 eorundem
797 2335 996 2394 ministrorum
1011 2347 1042 2396 et
1053 2335 1297 2396 ministrationum
1320 2353 1373 2393 or-

265 2427 366 2487 dinem
387 2423 706 2506 qualitercurrebant,
735 2427 912 2490 veniendum
940 2438 991 2488 cst.
1018 2430 1114 2514 'Nam
1135 2428 1263 2508 quamvis
1282 2445 1372 2506 prae·

264 2519 320 2579 fati
339 2517 473 2592 ministri,
491 2517 691 2596 unusquisque
712 2521 748 2580 de
767 2539 827 2580 suo·
840 2520 1015 2598 ministerio,
1034 2543 1096 2583 non
1116 2523 1169 2582 sub
1183 2522 1241 2582 alio
1254 2521 1303 2582 vel
1318 2541 1371 2600 per

265 2611 364 2687 aliurn,
384 2608 440 2670 nisi
459 2627 514 2688 per
533 2629 563 2669 se
584 2609 689 2690 ipsum,
708 2602 952 2696 solumrllegem,
981 2615 1028 2677 vel
1053 2626 1192 2696 qnantum
1218 2615 1255 2674 ad
1276 2613 1370 2696 Regi·

176 2717 179 2726 ·
201 2757 211 2764 .
264 2725 351 2782 nam,
369 2702 416 2766 vel
436 2701 597 2784 gloriosam
617 2703 733 2784 prolem
752 2705 842 2788 Regis
860 2708 1074 2787 respiciebant,
1099 2719 1368 2788 caputponerenta

264 2817 326 2856 non
346 2805 446 2856 tamen
467 2815 568 2854 omnes
594 2797 756 2876 aequaliter
782 2798 818 2857 de
846 2801 968 2860 caeteris
993 2800 1101 2877 rebus,
1120 2800 1167 2860 vel
1188 2813 1369 2862 caeterarum

265 2885 485 2948 necessitatibus
504 2887 617 2970 Regem
637 2889 774 2966 adibant,
798 2891 849 2952 sed
874 2912 1009 2954 mensura
1028 2913 1079 2955 sua
1099 2893 1221 2974 quisque
1241 2907 1368 2955 conten·

262 2991 308 3041 tus
330 2989 404 3056 erat,
425 2991 455 3040 et
473 2979 541 3056 uhi,
560 2980 608 3041 vel
628 2983 670 3041 uti
690 2981 765 3042 ratio
785 2985 943 3064 poscebat,
970 2986 1105 3046 solatium
1130 2987 1247 3047 alterius
1266 2988 1368 3068 requi-

262 3074 357 3135 rebat.
395 3075 420 3134 Ε
443 3073 547 3154 quibus
568 3075 727 3156 praecipue
748 3077 868 3152 duo,'id
888 3090 941 3154 est,
961 3079 1187 3160 Apocrisiarius,
1207 3079 1257 3159 qui
1276 3099 1367 3140 voca-

261 3179 311 3228 tur
330 3168 407 3250 apud
427 3187 481 3227 nos
503 3166 695 3246 Capelianus,
723 3169 770 3228 vel
789 3170 894 3228 Palatii
915 3169 1037 3249 Custos,
1057 3173 1093 3233 de
1114 3172 1248 3232 omnihus
1269 3193 1369 3256 nego·

197 3247 205 3264 ⁸
260 3261 308 3322 tiis
327 3259 556 3335 Ecclesiasticis,
587 3259 635 3320 vel
660 3261 798 3321 ministris
824 3262 988 3336 Ecclesiae,
1014 3276 1044 3324 et
1070 3261 1178 3325 Comes
1202 3264 1310 3325 Palatii
1331 3267 1367 3327 dc

201 3367 208 3435 J
263 3352 399 3413 onrnssms
419 3351 613 3415 saecularibus
634 3353 735 3429 causis,
754 3355 802 3415 vel
821 3355 934 3416 iudiciis
954 3356 1130 3436 suscipiendi
1143 3351 1368 3418 curam‘instan-
1402 3374 1404 3387 “

156 3461 160 3478 ·
261 3416 309 3500 ier
328 3443 492 3504 habebant:
511 3458 545 3504 ut
563 3465 619 3504 nec
638 3447 845 3524 Ecclesiastici,
863 3469 919 3508 nec
938 3449 1099 3510 saeculares
1116 3450 1196 3530 prius
1211 3451 1367 3512 Domuum

260 3533 386 3614 Regem,
406 3534 515 3614 absque
536 3555 638 3596 eorum
658 3539 793 3598 consultu
802 3541 968 3620 inquietare
980 3547 1103 3602 necesse
1112 3541 1267 3619 haherent,¹
1288 3565 1368 3626 quo-

259 3643 352 3702 usque
370 3626 414 3686 illl
433 3627 649 3708 praeviderent,
668 3629 692 3688 si
711 3631 874 3692 necessitas·
887 3643 978 3710 esset,
991 3646 1037 3694 ut
1056 3651 1143 3696 causa*
1155 3637 1228 3696 ante
1248 3637 1366 3720 Regem

261 3715 367 3776 merito
388 3721 489 3782 reuire
510 3720 657 3811 deberet.x
687 3719 810 3784 sivero
831 3739 941 3786 secreta
961 3740 1037 3788 esset
1056 3747 1157 3804 causa,
1177 3749 1263 3808 quam
1282 3731 1366 3810 prius
1438 3731 1439 3776 t

260 3823 439 3889 congrueret
461 3813 554 3897 Regi,
585 3833 673 3893 quarn
693 3815 827 3896 cuiquam
847 3815 939 3879 alteri
951 3821 1064 3895 dicere,
1096 3815 1222 3882 eundern
1238 3822 1367 3885 'dicendi

227 3899 360 3960 ·--locurn
385 3902 480 3962 eidem
512 3906 569 3985 ipsi
594 3919 804 3987 praepararent
829 3909 998 3974 introducto
1024 3911 1103 3993 prius
1122 3913 1221 3996 Rege,
1249 3928 1283 3976 ut
1302 3915 1365 3978 hoc

259 3992 337 4053 iuxta
356 3995 476 4056 modum
495 4017 649 4080 personae,
667 4000 714 4062 vel
730 4001 955 4080 honorabiliter,
974 4004 1022 4066 vel
1033 4005 1190 4085 patienter,
1208 4007 1257 4070 vel
1271 4009 1362 4072 etiam
1438 4047 1439 4072 r

169 4134 173 4142 .
257 4086 488 4150 misericorditer
506 4090 675 4170 susciperet.
777 4111 780 4120 ⁴

204 4232 206 4240 ,
259 4223 263 4226 -
312 4177 376 4238 XX
414 4180 625 4262 Apocrisiarius
659 4185 776 4264 quidem
802 4187 838 4248 de
870 4187 952 4248 omui
975 4190 1180 4254 Ecclesiastica
1209 4157 1361 4280 religione
1438 4167 1439 4222 ]

158 4331 161 4338 ,
255 4267 302 4374 vel
322 4271 437 4351 ordine,
455 4294 512 4336 nec
530 4294 593 4336 uon
613 4275 699 4338 etiam
721 4279 949 4344 rte-eanonicus
967 4284 1014 4346 vel
1033 4285 1214 4356 Monasticae
1231 4287 1359 4349 alterca-
1438 4283 1439 4324 ἶ

253 4369 352 4440 hone,
375 4383 427 4430 seu
447 4369 809 4452 quaecumque²t²atacium
835 4374 956 4440 adibant
978 4397 1034 4457 pru
1061 4377 1272 4444 Ecclesiasticis
1298 4401 1356 4444 ne·
1438 4407 1439 4436 2

498 4687 503 4716 1
