2890 5092
551 421 639 501 '203

414 706 420 718 ·
520 657 675 749 nxxwss

343 805 572 876 contentum
592 800 851 872 Imperatoris
925 833 928 842 ι

54 915 84 965 de
100 914 202 965 bonore
218 877 411 981 Eplscoporum
438 922 463 980 et
484 907 645 975 reliquorum
663 897 832 957 sacerdotum
856 906 945 958 (latum
973 905 1151 976 apud'lllteo-

489 991 563 1045 donis
578 990 666 1054 villam
677 987 711 1057 ¹).

106 1133 254 1196 Volumus,
271 1140 358 1210 atque
377 1124 572 1211 praecipimus
592 1137 625 1185 ut
645 1142 746 1185 omnes
766 1122 824 1184 suis
851 1125 1066 1204 sacerdotibus,
1091 1138 1151 1189 tam

51 1226 167 1286 maioris
189 1223 299 1284 ordinis
319 1243 404 1302 quam
425 1218 631 1311 etzinfepioris,
650 1239 667 1278 a
686 1216 919 1298 minimo'usque
934 1219 969 1277 ad
986 1217 1163 1303 maximum,
1202 1221 1204 1227 '

52 1333 82 1380 ut
101 1338 215 1378 summo
235 1317 313 1393 Deo,
334 1316 413 1380 cuius
426 1313 498 1376 ‘vice
519 1313 550 1374 ia
569 1311 702 1374 EcclesIa
719 1308 869 1392 legatione
884 1309 1056 1392 funguntur,
1077 1311 1152 1372 obe-
1244 1310 1251 1322 '

52 1413 165 1472 dientes
185 1409 328 1471 exsistant
355 1399 441 1470 ‘Nam
457 1407 544 1466 nullo
563 1417 651 1486 pacto
675 1423 837 1490 agnoscere
857 1423 1008 1482 possumus
1028 1403 1155 1482 qualiter

51 1505 137 1565 nobis
157 1504 258 1565 fideles
284 1503 407 1586 existere
426 1511 564 1582 possunt,
589 1498 640 1580 qui
665 1495 733 1560 Deo
760 1493 892 1560 infideles
918 1496 1031 1558 et·suis
1057 1518 1155 1558 sacer·

53 1598 169 1658 dotibus
189 1597 392 1678 apparuerint;
412 1607 461 1656 aut
482 1591 607 1674 qualiter
626 1589 714 1653 nobis
726 1591 899 1674 obedientes
913 1590 1079 1671 nostrisque
1098 1590 1155 1654 mi-

48 1693 146 1756 nistris
166 1711 201 1752 ae
220 1691 324 1772 legatis
345 1688 583 1770 obtemperantes
603 1697 706 1762 erunt,
731 1683 782 1766 qui
807 1684 864 1747 illis
884 1683 916 1744 in
934 1684 994 1744 Dei
1014 1684 1105 1744 causis
1126 1695 1156 1744 et

51 1785 247 1846 Ecclesiarum
266 1784 439 1849 utilitatibus
459 1803 522 1842 non
543 1781 758 1863 obtemperant.
797 1775 902 1843 Potius
922 1799 1059 1860 namque,
1078 1778 1156 1838 iaxta

51 1879 179 1939 veritatis
205 1900 323 1953 vocem,
354 1878 405 1939 ille
430 1877 603 1938 metuendus
629 1888 673 1938 est
698 1876 748 1957 qui
774 1887 873 1959 potest
892 1877 1017 1940 animam
1036 1884 1067 1942 et
1089 1891 1156 1936 cor·
1261 1873 1265 1880 “

53 1992 104 2050 pus
123 1973 249 2052 perdere
269 1972 301 2030 in
322 1971 517 2047 Gehennam,
537 1992 625 2050 quam
649 1967 717 2046 ille,
748 1972 799 2050 qui
824 1993 931 2054 corpus
959 1987 1097 2056 torquere
1124 1975 1159 2030 ,et

52 2064 179 2126 honores
203 2063 382 2144 temporales
408 2076 507 2144 potest
533 2065 658 2124 auferre.
703 2065 750 2124 De
776 2064 833 2127 illis
859 2068 969 2130 dictum
998 2082 1055 2132 est:
1095 2067 1154 2154 Qut

50 2157 214 2236 cosmedit,
239 2179 284 2218 nte
309 2154 399 2218 anabi.
445 2155 486 2216 Et
504 2160 762 2237 quivosspumit,
790 2181 835 2218 nte
854 2167 971 2236 spuerit.
1009 2166 1050 2228 Et
1070 2163 1181 2236 alibi,-

28 2251 110 2334 .Que'
127 2275 177 2312 vos
195 2255 297 2328 tangit,
317 2253 411 2328 tangit
423 2251 581 2328 pupillam*
597 2248 672 2310 oculi
690 2253 755 2308 mei.
794 2252 834 2310 Et
852 2275 964 2316 rursus:
992 2256 1052 2337 Qus·
1069 2279 1156 2318 scoo-

51 2342 218 2404 daltzcwertt
239 2368 328 2406 onom
353 2344 389 2406 de
407 2345 526 2421 pusillis
548 2347 626 2420 istis,
661 2343 763 2416 melicas
781 2358 822 2404 est
843 2345 890 2404 illi
912 2359 944 2406 ut
965 2348 1158 2423 aspendum

50 2438 127 2514 molo
151 2439 536 2515 summensteten,
566 2452 593 2498 et
617 2435 800 2513 detergatur
821 2441 854 2498 ie
872 2437 1029 2520 profrudo
1056 2447 1157 2511 meeis.

51 2531 89 2592 Et
107 2531 229 2590 iterumn
253 2529 311 2614 Qui
328 2552 378 2590 nos
396 2533 514 2607 recipit,
533 2552 579 2589 nae
596 2534 705 2606 rectptt.
748 2531 789 2590 Es
806 2535 858 2612 qui
875 2553 921 2591 erte
938 2537 1040 2610 recipit
1045 2579 1064 2610 ,1
1082 2525 1156 2598 rict-

47 2627 91 2698 pt‘t
108 2645 173 2684 eum
190 2626 242 2703 qui
259 2645 304 2684 me
321 2625 406 2683 misit.
445 2625 486 2684 Et
503 2621 594 2684 multa
613 2623 670 2684 alia
689 2625 854 2705 horumque
865 2625 978 2688 similia.
1009 2629 1065 2690 His
1083 2651 1155 2713 ergo

53 2715 117 2776 lulti
136 2711 261 2777 oraculis
281 2717 413 2776 iubemus
432 2727 466 2776 ut
485 2737 587 2800 omnes
613 2715 653 2778 eis
679 2737 735 2796 pro
761 2715 870 2782 uiribus
890 2721 927 2780 ad
947 2707 1058 2782 eorum
1069 2741 1157 2804 pera-

54 2811 146 2890 genda
166 2809 344 2886 ministeria,
374 2822 404 2870 et
428 2795 581 2870 ad'matos
608 2823 638 2870 et
663 2823 835 2892 peccatores
861 2825 948 2894 atque
969 2815 1157 2898 negligentes
1198 2885 1202 2892 ,

53 2902 176 2963 hominis
197 2903 422 2984 distringendos,
442 2924 627 2982 summopere
637 2905 821 2972 obedientes
841 2908 986 2974 exsistant.
1020 2908 1084 2982 Qui
1103 2930 1156 2970 au-

17 3057 18 3060 ,
54 3005 108 3056 tem
127 2997 160 3056 in
180 2996 235 3072 his,
255 2996 335 3076 quod
355 2995 440 3070 absit,
461 3007 510 3054 aut
529 2995 714 3077 negligentes
740 2998 841 3076 eisque
863 2999 1070 3062 inobedientes
1091 3001 1157 3062 lue-

54 3089 109 3148 rint
127 3089 256 3170 inventi,
284 3089 378 3150 sciant
401 3109 432 3148 se
459 3109 515 3150 nee
540 3089 572 3148 in
596 3100 700 3150 nostro
720 3089 847 3169 imperio
866 3091 996 3154 bonores
1015 3093 1158 3170 retinere,

55 3180 119 3242 lieet
137 3183 226 3244 etiam
246 3181 299 3241 filii
318 3181 413 3242 nostri
434 3181 563 3263 iuepunt,
583 3181 689 3242 necin
708 3181 818 3264 palatio
838 3181 953 3260 locum,
980 3205 1081 3262 neque
1100 3206 1158 3244 no-

55 3273 160 3338 biscnm
182 3287 232 3336 aut
251 3289 316 3334 cum
335 3276 443 3335 nostris
468 3275 640 3337 societatem
663 3289 714 3336 aut
732 3275 972 3336 communionem
986 3275 1083 3341 ullam
1102 3277 1156 3339 ha-

56 3365 131 3446 bere,
150 3369 204 3432 sed
223 3368 314 3450 magis
334 3368 387 3428 sub
407 3387 514 3448 magna
534 3368 715 3428 districtione
736 3379 766 3426 et
785 3367 920 3430 ariditate
933 3389 1046 3450 poenas
1059 3370 1156 3432 luere:

56 3459 150 3524 iubis
175 3481 303 3548 namque
330 3459 460 3522 omnium
484 3471 654 3520 nostrorum
678 3459 807 3520 fidelium
832 3462 966 3526 volumus
992 3483 1172 3547 agnoseere

57 3552 137 3616 fiderit
163 3577 198 3616 ae
222 3553 469 3628 benevolentiam.
516 3552 665 3628 Quoniam
690 3554 714 3614 si
738 3551 810 3616 baec
834 3555 961 3640 fideliter
987 3545 1159 3640 et5utiliter

16 3671 18 3678 ·
56 3645 254 3728 impleverint,
283 3659 354 3708 tunc
378 3646 447 3708 Deo
473 3658 503 3708 et
527 3646 614 3708 nobis
638 3647 738 3708 fideles
760 3661 854 3709 erunt.
894 3651 927 3710 Si
947 3663 1054 3730 autem,
1077 3651 1158 3734 quod

57 3739 135 3819 absit,
153 3763 237 3804 secus
258 3741 384 3824 egerint,
403 3752 475 3801 tunc
494 3761 556 3801 non
576 3740 671 3804 solnm
691 3741 835 3818 infideles,
854 3743 1011 3806 sedetiam
1031 3740 1158 3804 inialnes

58 3844 138 3914 atque
162 3836 286 3916 reprobi
311 3809 466 3898 manilieste
491 3848 666 3916 apparentes
686 3835 885 3914 notabuntur,
915 3857 1080 3920 eorumque
1100 3839 1156 3898 do·
1206 3884 1211 3895 ,

58 3945 114 3987 mus
133 3928 370 4010 publicabuntur,
391 3942 421 3992 et
440 3929 495 4010 ipsi
515 3927 719 3996 exiliabuntur.

58 4057 250 4089 ···—-r-·-··-
307 4087 310 4092 ,

97 4145 346 4207 'tn'atur,11,p.
362 4153 413 4194 att.
445 4149 578 4192 Theodonia
596 4147 652 4194 oilla
672 4149 702 4193 iet
719 4151 761 4196 dea
773 4151 868 4212 beutige
885 4149 1021 4196 montilla.
1050 4147 1075 4198 8.
1089 4145 1174 4240 tta-¹

60 4203 160 4270 tillon,
179 4217 208 4260 de
221 4213 256 4258 lie
268 4215 395 4271 Dbrtomat.
414 4215 454 4269 Ν,
471 4219 522 4270 141,
536 4230 561 4272 p·
577 4218 628 4264 ³29.

503 4409 700 4422 —u—-u-—n-

1301 915 1310 942 θ
1361 935 1367 947 ι
