2900 5086
515 379 517 390 ’
591 429 704 498 sno
786 381 789 390 Χ

475 553 481 574 ,
1108 553 1112 564 .

81 594 314 674 disciputtsw),
347 593 461 654 habitet
484 593 515 652 in
540 594 641 670 nobis,
671 604 701 655 et
722 591 859 676 gaudium
877 602 1010 654 nostrum
1029 591 1183 676 impleatur

78 686 118 744 in
138 689 233 748 vobis

145 787 175 844 6.
212 782 260 841 hd
280 780 482 860 impletionem
501 800 572 842 vero
592 781 677 840 huius
695 780 808 862 gaudii,
827 781 956 841 fraterna
979 794 1108 864 cogente
1133 806 1184 846 ca-

79 873 186 947 ritate,
205 873 337 933 iussimus
356 884 522 934 sanctorum
538 874 658 933 Petrum
678 869 847 954 Synodale
847 895 893 934 ex
887 863 1035 936 omnibus
1054 877 1185 956 undique

80 977 208 1025 nostrae
228 964 346 1024 ditionis
365 966 503 1026 Ecclesiis
524 967 698 1049 congregari
719 965 901 1042 Concilium,
927 981 1067 1048 quatenus
1085 981 1185 1030 sancta

13 1077 17 1088 ¹
82 1057 221 1116 omnium
240 1057 413 1118 unanimitas
433 1059 556 1120 firmiter
576 1061 763 1134 decerneret,
795 1058 865 1136 quid
890 1062 1068 1133 credendum
1092 1062 1128 1136 sit
1148 1054 1186 1134 de]

81 1151 251 1230 adoptione
265 1150 357 1210 carnis
371 1149 491 1226 Christi,
512 1173 597 1232 quam
616 1173 711 1232 nuper
729 1151 812 1212 novis
831 1153 1048 1230 assertionibus,
1068 1167 1099 1215 et
1117 1177 1185 1216 san-

82 1255 153 1302 ctae
173 1243 231 1302 Dei
256 1240 411 1303 universali
429 1243 578 1305 Ecclesiae
604 1245 729 1353 antiquis
748 1243 931 1324 temporibus
957 1247 1108 1325 inauditis,
1132 1268 1185 1309 vos
1250 1307 1252 1315 s

82 1357 123 1395 ex
142 1335 245 1395 vestris
264 1335 379 1416 scriptis
398 1327 527 1396 intulisse
547 1340 753 1420 cognovimus:
773 1339 863 1412 immo
885 1343 970 1402 etad
990 1333 1186 1402 beatissimum

81 1428 281 1505 Apostolicae
307 1429 391 1488 Sedis
415 1429 591 1491 Pontificem
617 1433 653 1492 de
677 1431 731 1492 hac
760 1453 837 1495 nova
866 1434 1037 1495 inventione
1068 1445 1187 1494 nostrae
1308 1463 1312 1483 ι
1415 1440 1417 1451 “

86 1520 257 1580 devotionis
277 1533 324 1592 ter
343 1537 505 1603 quaterque
526 1527 678 1588 direximus
694 1525 815 1600 Missos,
834 1527 908 1587 scire
929 1523 1096 1606 cupientes,
1117 1527 1187 1605 quid

84 1624 189 1673 sancta
209 1615 341 1675 Romana
360 1617 507 1692 Ecclesia,
526 1617 705 1698 Apostolicis
725 1617 828 1676 edocta
847 1619 1063 1694 traditionibus,
1082 1619 1114 1678 in
1133 1617 1189 1678 hac

84 1709 272 1785 respondere
292 1709 431 1769 voluisset
449 1709 648 1788 inquisitione.
683 1711 809 1773 Necnon
829 1723 859 1770 et
879 1715 914 1773 de
929 1709 1099 1772 Britanniae
1114 1731 1188 1791 par·
1220 1769 1222 1781 ,

63 1799 169 1858 ttibus
192 1799 306 1880 aliquot
324 1802 544 1863 Ecclesiasticae
564 1802 735 1882 disciplinae
753 1804 831 1864 viros
851 1804 1083 1879 convocavimus,
1102 1816 1136 1864 ut
1155 1825 1189 1865 ex

86 1891 251 1952 multorum
278 1895 413 1977 diligenti
440 1895 675 1956 consideratione
701 1896 806 1964 veritas
835 1896 1007 1958 Catholicae
1031 1898 1116 1958 Fidei
1141 1897 1189 1956 in·

86 1985 295 2066 vestigaretur,
316 2000 345 2047 et
364 1987 574 2067 probatissimis
594 1999 761 2050 sanctorum
773 1986 893 2049 Pati-um
911 1989 980 2050 hinc
1000 2001 1031 2050 et
1048 1991 1119 2052 inde
1136 2010 1189 2076 ro-

88 2077 197 2137 borata
217 2081 390 2140 testimoniis
406 2080 519 2160 absque
539 2081 598 2140 nlla
618 2081 801 2140 dubitatione
820 2093 964 2144 teneatur.
1246 2151 1255 2162 ,

150 2178 175 2236 7.
215 2173 332 2233 Idcirco
363 2173 446 2234 vobis
475 2193 529 2254 per
559 2173 691 2256 singulos
720 2173 837 2234 libellos
862 2176 995 2258 derigere
1020 2177 1190 2254 curavimus,

91 2263 164 2342 quid
184 2267 401 2343 praedictorum
421 2266 542 2326 Patrum
561 2267 609 2346 pia
628 2267 802 2326 unanimitas
830 2279 859 2326 et
882 2269 1002 2347 pacifica
1026 2281 1190 2346 perscruta·

89 2356 136 2414 tio
179 2359 351 2418 auctoritate
385 2359 590 2422 Ecclesiastica
626 2360 758 2421 invenire
794 2360 954 2436 statuisset,
995 2361 1190 2419 confirmaret.

90 2447 194 2506 Primo
222 2451 291 2528 quid
315 2451 461 2510 Dominus
486 2453 675 2532 Apostolicus
700 2475 765 2513 cum
789 2465 888 2514 sancta
907 2453 1046 2523 Romana¹
1058 2453 1191 2513 Ecclesia

93 2551 182 2619 atque
205 2543 358 2623 Episcopis
384 2543 415 2602 in
441 2543 496 2604 illis
521 2545 651 2624 partibus
677 2567 905 2624 quaquaversum
932 2545 1192 2618 commorantibus,

93 2645 125 2692 et
146 2633 305 2696 Catholicis
325 2637 524 2726 Ductoribus,
548 2638 686 2726 sentiret,
706 2634 759 2698 sfib
779 2639 864 2698 unius
885 2625 977 2698 libelli
1001 2639 1112 2697 tenore
1133 2649 1192 2700 sta-

93 2727 209 2786 tuimus.
247 2729 365 2789 Deinde
384 2733 513 2790 secundo
534 2732 612 2805 loco,
633 2731 703 2809 quid
713 2731 1067 2792 EcclesiasticiDoctores
1087 2741 1118 2790 et
1136 2730 1192 2789 Sa-

95 2820 229 2878 cerdotes
248 2821 445 2880 Ecclesiarum
467 2821 575 2882 Christi
600 2824 636 2883 de
657 2823 919 2902 propinquioribus
939 2824 1041 2882 Italiae
1060 2823 1192 2902 partibus
1245 2883 1248 2890 ⁴

96 2931 162 2970 cum
193 2911 285 2970 Petro
316 2913 530 2972 Mediolanensi
552 2914 785 2992 Archiepiscopo
818 2927 848 2974 et
877 2915 1002 2974 Paulino
1026 2915 1193 2982 Foroiutia,
1240 2941 1245 2950 ·
1294 2945 1297 2954 Δ

95 3003 180 3063 nensi
199 3003 245 3066 vel
264 3003 427 3084 Aquileinsi
448 3004 630 3080 patriarcha,
655 3007 723 3065 viris
743 3027 759 3064 a
778 3006 910 3064 Domino
934 3004 1018 3066 valde
1037 3007 1193 3090 venerabi-

96 3096 173 3167 libus
192 3097 319 3179 intelligi
337 3097 385 3158 vel
404 3097 526 3157 firmiter
545 3097 624 3156 credi
642 3097 818 3174 voluissent,
845 3098 902 3157 suis
922 3097 1048 3176 propriis
1067 3119 1193 3178 respon-

97 3189 228 3250 sionibus
248 3186 393 3254 c'xaratum
411 3191 558 3270 posuimus
579 3187 723 3260 libellum;
743 3191 809 3268 quia
822 3191 877 3269 ipsi
895 3209 1012 3268 quoque
1024 3202 1192 3268 praesentes

97 3294 202 3342 nostro
229 3283 370 3363 synodali
391 3283 560 3344 Conventui
583 3282 744 3366 adsuerant.
782 3284 855 3342 Post
870 3281 950 3341 haec
973 3292 1057 3340 tenet
1083 3295 1114 3342 et
1131 3296 1193 3343 terq

97 3375 155 3434 tius
179 3375 295 3435 libellus
326 3375 566 3436 Orthodoxorum
592 3386 758 3436 sanctorum
783 3376 902 3436 Patrum
922 3374 1137 3454 Episcoporum
1163 3387 1194 3439 et

10 3497 12 3528 ι
50 3534 52 3551 Ι
99 3469 226 3528 virorum
245 3469 457 3530 venerabilium
475 3471 577 3545 fidem,
597 3468 647 3548 qui
666 3469 697 3526 in
719 3469 905 3543 Germaniae,
926 3467 1050 3542 Galliae,
1068 3467 1193 3547 Aquites

99 3560 166 3620 niae
186 3573 216 3620 et
234 3562 403 3622 Britanniae
423 3562 570 3642 partibus,
600 3561 694 3641 dignis
712 3562 780 3621 Deo
806 3561 973 3622 deserviunt
992 3560 1113 3637 officiis,
1141 3583 1193 3623 ve,

100 3654 224 3734 strisque
255 3653 469 3715 obiectionibus
500 3667 663 3715 sanctarum
683 3652 889 3734 scripturarum
908 3653 1082 3716 testimoniis
1101 3656 1193 3716 robo.

100 3759 175 3808 ratas
200 3748 317 3809 obtinet
340 3743 555 3830 responsiones.
593 3747 711 3807 Deinde
732 3758 836 3826 quarto
860 3747 929 3807 loco
955 3767 1038 3814 meac
1056 3748 1194 3827 propriae

101 3841 297 3903 unanimitatis
320 3865 385 3903 cum
410 3843 453 3904 his
478 3841 661 3923 sanctissimis
685 3841 903 3920 praedictorum
926 3839 1046 3905 Petrum
1071 3839 1193 3898 decretis

103 3945 133 3992 et
152 3931 312 3996 Catholicis
332 3937 444 3996 statutis
465 3957 637 3996 consensum
662 3933 818 4007 subnexui,
846 3933 920 3992 sicut
943 3943 1056 3996 nosmet
1079 3929 1135 4008 ipsi
1161 3929 1193 3992 iu

102 4036 195 4086 vestra
216 4028 355 4105 epistola,
375 4049 461 4109 quam
479 4049 547 4088 meo
567 4027 734 4109 specialiter
753 4027 923 4108 designastis
942 4023 1069 4096 nomini,
1087 4041 1194 4104 rogare

105 4119 235 4193 curastis,
258 4119 288 4178 id
308 4133 361 4196 est,
379 4141 417 4181 ne
437 4122 566 4182 subdolis
583 4139 744 4200 paucorum
762 4119 969 4180 assertionibus
988 4114 1195 4196 consentirem,

16 4213 20 4220 '
105 4212 153 4270 sed
171 4211 363 4290 plurimorum
382 4215 556 4275 testimoniis
573 4211 785 4272 roboboratam
804 4213 891 4274 fidem
908 4223 1051 4270 tenerem.

159 4311 187 4371 8.
225 4305 314 4366 Facio
335 4306 503 4378 certissime,
522 4307 589 4364 Deo
611 4303 730 4366 domiuo
750 4307 821 4365 Jesu
842 4303 959 4363 Christo
980 4304 1119 4378 donante,
1137 4303 1194 4362 ho,

61 4467 64 4474 Ι
108 4419 167 4466 rum
181 4421 233 4494 ⁸me
253 4399 446 4464 sanctissimae
466 4390 644 4461 multitudini
658 4411 694 4466 at
712 4396 933 4488 probatissimae
961 4394 1126 4462 auctoritati
1143 4416 1195 4464 ves
1291 4407 1296 4418 ¹
1319 4420 1324 4430 ¹
