2900 5086
635 436 723 506 attl

124 605 216 678 1728,
234 601 324 682 fol),
340 623 369 684 p.
388 607 441 667 91:
472 599 627 681 Tantaque
651 601 804 662 tribulatio
829 601 886 688 luit
909 599 1229 683 inItalia[nel1mliclr
1254 642 1257 654 ι
1291 646 1296 652 -

124 695 206 756 nach
231 697 284 756 der
307 691 484 776 Niederlage
509 695 560 754 des
579 693 751 756 Desiderius
774 695 835 754 und
860 695 913 756 der
936 695 1043 755 Flucht
1067 696 1117 756 des
1136 697 1229 756 Adel-

123 789 200 870 gis].
238 787 300 849 ntii
322 785 420 868 gladio
444 785 629 868 interempti,
659 788 708 849 alii
737 788 814 848 lame
844 787 986 868 perculsi,
1016 783 1106 848 alii'a
1130 788 1230 851 bestiis

7 921 14 940 .
124 881 229 958 occisi,
248 892 282 942 ut
299 877 345 939 vix
363 877 451 958 pauci
469 892 658 942 remanerent
680 881 712 939 in
730 881 803 942 vicis
826 881 930 942 vel=in
956 880 1130 964 civitatibus.
1168 882 1233 942 Fe·-
1353 893 1357 900 '

57 1042 61 1048 ¹
122 973 268 1035 roiulenie
296 982 368 1032 tunc
391 973 533 1051 temporis
556 974 625 1034 Dux
642 975 805 1036 Rotcausus
831 985 966 1056 praeerat
990 986 1020 1035 et
1044 973 1075 1033 in
1094 973 1231 1036 Vicentia

124 1067 256 1141 Gaidus,
288 1064 340 1143 qui
363 1062 461 1125 audita
485 1067 669 1128 Francorum
693 1066 893 1130 devastatione
912 1079 950 1128 'et
975 1087 1077 1158 eprum
1095 1067 1230 1128 'adventu

124 1159 208 1239 quod
228 1159 259 1217 in
278 1157 442 1218 Forumiuli
461 1172 668 1240 properarent,
688 1159 891 1242 congregatis,
911 1181 985 1240 quos
1005 1171 1152 1242 poterant,
1173 1157 1230 1220 oh·
1339 1182 1342 1194 ⁴

122 1249 203 1312 viam
223 1251 265 1311 eis
291 1251 328 1311 ad
347 1262 485 1330 pontem,
515 1251 565 1330 qui
581 1252 692 1312 dicitur
709 1253 867 1332 Liquentia
888 1255 1035 1330 exierunt,
1066 1265 1096 1314 et
1119 1252 1234 1320 ibidem

122 1365 263 1426 magnam
288 1356 414 1425 stragem
440 1343 477 1403 de
501 1344 622 1406 Francis
647 1346 791 1406 lecerunt.
833 1347 958 1408 Karolus
982 1367 1054 1411 vero
1080 1347 1152 1408 haec
1167 1365 1229 1406 au-

124 1437 209 1498 diena
222 1436 370 1499 mandavit
386 1436 438 1511 eis,
456 1456 491 1496 ee
509 1457 558 1498 eos
578 1439 610 1496 in
630 1439 776 1502 fidelitatis
796 1438 883 1500 fidem
902 1452 1104 1521 suscepturum
1124 1451 1154 1500 et
1172 1437 1229 1498 ho-

123 1543 315 1604 noraturum,
345 1528 370 1588 si
394 1529 511 1591 tradere
535 1549 566 1590 se
590 1531 709 1592 uellent.
756 1531 929 1593 Rotemroue'
946 1545 976 1594 et
1002 1531 1116 1594 Gedru
1141 1524 1229 1592 duces
1267 1543 1269 1552 '

52 1655 57 1662 ·
124 1645 191 1684 cum
212 1621 362 1683 nobilibus
381 1621 569 1681 Foroiulauis
590 1611 902 1704 consilium'inicrnnt‚
920 1637 954 1686 ut
970 1625 1095 1687 viriliter
1119 1645 1150 1686 se
1174 1645 1229 1706 gc-

123 1727 236 1777 rerent.
274 1715 347 1774 Erat
373 1714 489 1793 quidam
517 1715 654 1794 ellipsis,
684 1719 731 1777 cui
749 1718 806 1778 iam
825 1739 947 1780 munera
968 1719 1071 1782 Caroli
1091 1737 1229 1780 excaeca·

123 1821 231 1872 verant
250 1828 320 1883 cor,
339 1807 390 1886 qui
409 1808 467 1868 talc
488 1807 570 1868 dedit
589 1809 751 1869 consilium.
791 1811 873 1887 Quid
897 1811 1052 1886 iaciemus,
1076 1811 1231 1892 quomodo
1254 1831 1259 1840 ·

125 1904 169 1964 eis
188 1901 323 1962 resistere
343 1919 509 1980 postumum
540 1909 628 1980 caput
650 1921 714 1960 non
732 1902 881 1966 habemur.
918 1905 983 1966 Rex
1001 1902 1228 1966 confortationis

125 2007 245 2056 nostrae
271 1995 329 2055 iam
354 1993 484 2054 devictus
509 2005 561 2056 est
613 1995 722 2054 Eamus
751 1995 783 2054 in
810 2018 911 2058 eorum
936 1997 1119 2058 fidelitatem:
1149 1995 1228 2056 bene

125 2088 215 2148 nobis
235 2085 300 2149 erit.
340 2086 422 2162 Quid
442 2086 554 2147 dicam?
579 2098 613 2146 ut
631 2088 767 2168 optabat,
784 2089 928 2150 lecerunt.
966 2092 1105 2152 Attamen
1117 2099 1237 2166 'eorum

126 2179 253 2241 Carolus
277 2181 403 2242 servavit
426 2179 583 2242 honorem.
627 2181 724 2264 Igitur
748 2181 901 2264 subiugata
927 2194 957 2243 et
983 2184 1117 2250 ordinata
1142 2179 1229 2241 Italia

125 2273 170 2334 ud
191 2274 319 2334 Roriam
341 2277 490 2349 pretend,
521 2271 625 2334 ibidem
643 2275 789 2362 palatinatu
810 2277 968 2336 eximent.
1005 2274 1125 2334 Deinde
1148 2285 1228 2334 terra

126 2367 281 2448 pacificata
301 2378 331 2427 et
349 2368 536 2428 sacramentis
556 2367 769 2448 datisPippino
789 2388 842 2428 suo
862 2368 924 2428 filio
943 2367 1103 2449 regendam
1115 2365 1265 2450 Italiam]
1314 2357 1318 2365 ⁸

127 2461 281 2522 concessit
334 2460 371 2520 In
407 2461 464 2520 den
500 2461 596 2523 kureiv
630 2459 811 2541 gedruckten
841 2461 977 2521 Worten
1013 2457 1127 2518 scheint
1160 2457 1229 2518 eine

126 2551 379 2635 Verwechselung
408 2549 609 2612 mit‘Auclaeo
638 2552 718 2612 Statt
746 2553 897 2634 gesunden
927 2573 965 2612 au
988 2550 1102 2627 haben,
1130 2548 1228 2631 gleich
1333 2561 1336 2568 '

119 2645 191 2706 'wid
205 2646 237 2704 iu
257 2646 309 2714 der
327 2645 454 2728 Apgabe
472 2646 504 2705 iu
521 2646 579 2706 den
600 2644 699 2706 Gestis
718 2645 888 2722 Treveror„
907 2665 971 2724 cap.
986 2643 1053 2719 XL,
1072 2664 1102 2723 p·
1121 2650 1159 2709 tt
1178 2642 1229 2702 lter

127 2737 276 2815 Minna,
305 2738 475 2798 Accession.
501 2738 632 2798 historic.
651 2737 721 2799 Vol.
741 2737 772 2813 1,
797 2738 859 2798 dala
877 2737 948 2798 Karl
968 2735 1042 2798 auch
1061 2755 1122 2798 von
1141 2734 1229 2794 'l'rier
1356 2778 1359 2784 -

128 2833 260 2892 Marmor
283 2849 337 2886 nur
359 2827 618 2910 Auaschmiickung
642 2830 738 2888 seinos
760 2830 900 2892 Pallantes
926 2841 1118 2890 entnornmen
1143 2826 1229 2888 habe.

129 2923 237 2982 Wenn
258 2920 319 2982 dies
339 2919 413 2980 auch
437 2940 580 2988 awaran
604 2919 666 2978 und
689 2918 738 2976 liin
762 2919 823 2978 sich
842 2922 938 2980 nichte
956 2919 1229 2982 Unwahrsclreinli-

132 3016 199 3077 ebes
218 3015 284 3091 hat,
303 3033 336 3074 eo
361 3011 476 3073 scheint
495 3013 573 3072 doch
598 3011 665 3072 eine
685 3011 938 3092 Verweclaselung
959 3031 1027 3070 zum
1048 3011 1172 3070 Grunde
1191 3013 1239 3070 zu'

129 3093 238 3191 lingent,
258 3108 294 3168 da
314 3127 345 3168 ee
362 3106 395 3165 in
414 3106 472 3166 den
491 3103 588 3187 gleich
608 3103 714 3164 darauf
729 3103 891 3186 folgenden
910 3103 1046 3164 Worten
1066 3101 1167 3165 heilst:
1199 3113 1230 3162 et

130 3201 218 3262 beato
243 3201 335 3262 Petro
364 3199 401 3259 ad
429 3197 656 3260 vicissitudinem
687 3215 809 3256 munera
838 3195 929 3256 dedit.
979 3196 1070 3257 Denn
1100 3195 1229 3258 welches

131 3295 226 3356 lleclat
245 3296 324 3356 hatte
343 3291 406 3353 wol
426 3293 478 3353 der
497 3289 589 3369 Papst
607 3289 659 3349 auf
681 3290 728 3350 die
748 3277 1041 3350 Marmortriimmern
1065 3309 1103 3347 zu
1123 3288 1245 3379 Trierl¹

187 3388 219 3448 S.
238 3393 305 3454 152.
324 3387 398 3467 Kap.
417 3385 489 3460 vlt,
508 3384 540 3442 Z.
561 3389 599 3448 10
617 3383 693 3442 naclr
711 3381 819 3441 Slcweu
837 3381 858 3440 f.
877 3380 920 3440 h.:
945 3381 1058 3456 Berlin,
1076 3385 1163 3457 1829,
1181 3387 1210 3448 8.

104 3522 110 3536 .
223 3511 263 3528 ·-
375 3509 415 3524 -
510 3479 542 3536 Z.
562 3483 600 3542 14
620 3475 690 3559 frige
714 3474 825 3535 hinnu:
856 3473 942 3534 Noch
973 3474 1047 3552 jetzt
1073 3473 1162 3535 heilst
1189 3475 1230 3536 im

133 3575 304 3636 Saterlande
329 3572 378 3632 ein
396 3569 608 3634 Menander
626 3568 726 3629 Dolch
744 3567 824 3632 San.
860 3567 893 3625 S.
916 3563 1057 3641 Hocbe,
1087 3566 1176 3628 Rer'lo
1199 3572 1232 3628 in

131 3667 184 3732 dua
201 3663 369 3742 moad,
390 3664 422 3724 S.
441 3669 507 3728 241.
535 3677 562 3721 o.
578 3659 728 3738 Worten,
749 3681 774 3720 a.
794 3681 819 3724 a.
841 3659 892 3735 0.,
911 3659 943 3720 S.
959 3665 1025 3725 281.
1056 3658 1231 3738 DetGoogm

132 3783 154 3824 e.
178 3779 205 3819 v.
233 3760 307 3820 Saxa
330 3757 392 3818 und
418 3755 657 3816 Serammaeaxua.
705 3753 808 3836 Ver-gl.
832 3751 906 3814 auch
927 3751 978 3812 die
1000 3751 1096 3814 stelle
1120 3748 1152 3812 in
1179 3753 1231 3812 der

20 3907 26 3914 .
135 3851 267 3914 Chronik
287 3853 338 3913 dee
357 3847 463 3911 Alton
480 3867 536 3909 ooo
553 3846 658 3923 Stude,
677 3853 783 3927 p.5209
803 3845 1011 3930 derAusgabe
1030 3866 1091 3909 von
1107 3841 1233 3906 Sclailtet·

133 3945 193 4006 und
210 3943 328 4020 Kolpn.
852 3971 860 3986 =

189 4037 220 4096 S.
240 4042 307 4114 tta,
326 4039 412 4098 nnn.
444 4036 509 4098 ,Die
527 4034 608 4095 Dani
628 4035 701 4094 oder
719 4033 896 4094 Nortmanni
919 4043 1016 4093 treteu
1041 3995 1107 4088 ium
1131 4040 1232 4092 ersten

135 4129 212 4190 lllale
232 4129 275 4191 ale
293 4129 460 4191 Seerauter
479 4129 584 4190 inder
608 4127 794 4187 stinkischen
814 4123 992 4188 Geechichte
1015 4145 1064 4182 um
1090 4123 1139 4184 das
1158 4124 1234 4184 Jahr

135 4231 191 4290 517
210 4222 268 4284 auf.
307 4222 339 4292 δ.
364 4245 390 4280 v.
409 4218 553 4297 Bellon,
581 4217 781 4280 commentar.
807 4219 844 4280 de
870 4217 932 4278 reb.
957 4217 1061 4276 Franc.
1085 4215 1233 4292 orlental„
1258 4214 1261 4225 '

137 4317 169 4377 tt
189 4317 216 4392 L
234 4337 263 4396 p.
282 4321 329 4383 62
369 4315 420 4376 Sic
440 4313 531 4375 lielen
558 4313 590 4372 in
614 4312 661 4372 die
680 4313 762 4373 Meas
786 4312 851 4388 ein,
880 4309 1057 4391 pliindcrten
1081 4309 1130 4370 das
1149 4309 1234 4370 Laud
1326 4349 1331 4352 -

138 4409 285 4474 awieclaeu
310 4409 420 4472 dlettm
447 4407 549 4470 Flueee
567 4405 629 4467 und
654 4405 720 4466 dem
739 4404 837 4466 Rhein
856 4414 943 4465 unter
966 4402 1061 4463 ihrem
1083 4401 1234 4463 Anliihrer

962 4496 1036 4576 [³³]
