2890 5092
722 349 724 362 l

674 463 677 480 .
773 417 889 513 ane„

739 619 894 696 LXXIII.

501 745 719 820 Epistola
747 747 909 804 coron
935 746 1129 840 ttugnv)

554 855 587 906 ad
612 851 776 906 odilbertum
795 849 1027 921 Arcbiepiscopum
1039 851 1076 921 ¹).

319 987 360 1047 lu
380 987 495 1048 uomitu
514 987 613 1048 Patris
631 999 657 1046 ot
675 985 748 1046 Filii
766 999 792 1049 et
810 985 937 1062 speruus
956 983 1066 1046 Sancti.
1098 983 1223 1046 Carolus
1240 991 1375 1052 sererrr's·

263 1083 354 1142 simw
372 1079 525 1156 Augsmus
544 1103 563 1141 o
582 1079 711 1140 Dornirto
729 1093 892 1156 corvorum,
910 1099 1043 1166 mugnus,
1058 1080 1214 1160 pocrssws,
1234 1079 1374 1157 Impere-

263 1187 310 1234 tor·
320 1172 520 1234 Romnuomm
537 1171 880 1249 gubouousImperium,
900 1173 952 1251 qui
970 1186 997 1232 et
1014 1171 1213 1234 miserimrdio
1223 1173 1284 1233 Dei
1297 1175 1376 1234 Rex

262 1266 446 1327 Frducorum
464 1279 491 1324 at
508 1264 790 1344 Langobardorum,
822 1263 969 1326 odtttmo
992 1262 1222 1343 Arebiapiscopo
1245 1271 1277 1327 io
1302 1267 1373 1328 Do·

260 1363 339 1419 mino
362 1359 490 1418 solutam.
544 1359 668 1440 Saepius
692 1371 807 1434 tecum,
837 1359 926 1418 immo
952 1369 982 1420 et
1007 1380 1072 1419 cum
1097 1361 1219 1421 caeteris
1243 1359 1372 1443 collegis

259 1452 326 1527 tuis,
345 1451 487 1512 familiare
507 1451 688 1533 colloquium
714 1452 750 1513 de
773 1452 899 1512 utilitate
921 1451 1047 1513 Sanctae
1065 1453 1124 1513 Dei
1142 1453 1292 1516 Ecclesiae
1313 1455 1369 1516 ba-

260 1544 332 1605 bere
351 1544 551 1620 voluissemus,
571 1545 595 1605 si
616 1544 726 1626 absque
745 1545 879 1606 molestia
900 1546 1048 1626 corporali
1067 1546 1097 1606 id
1113 1546 1230 1608 efficere
1250 1547 1369 1628 potuis-

202 1631 205 1642 ’
258 1659 313 1700 ses.
352 1639 414 1700 Sed
435 1639 562 1718 quamvis
583 1639 774 1700 sanctitatem
801 1649 880 1698 tuam
900 1638 931 1698 iu
952 1639 1056 1700 divinis
1076 1639 1163 1700 rebus
1182 1651 1245 1700 tota
1265 1641 1367 1700 inten-

254 1731 341 1794 tione
361 1731 483 1814 vigilare
503 1752 565 1792 non
584 1732 767 1815 ignoremus;
788 1731 925 1800 omittere
944 1741 1114 1792 tamennon
1130 1733 1365 1814 possumusquin

256 1836 336 1886 tuam
356 1824 567 1901 Devotionem,
589 1824 719 1888 Sancto'
710 1823 851 1884 sucitaute
864 1824 988 1904 Spiritu,
1008 1825 1125 1886 nostris
1115 1821 1261 1906 apicibus
1282 1848 1365 1888 com

255 1917 399 1998 pellemus
419 1931 507 1999 atque
528 1939 775 1995 commoneamus,
794 1930 827 1978 ut
846 1919 936 2002 magis
958 1939 991 1978 ac
1011 1918 1103 2006 magis
1122 1918 1154 1978 in
1175 1918 1285 1979 Sancta
1304 1919 1363 1980 Dei

255 2009 390 2072 Ecclesia
409 2014 539 2074 studiose
559 2035 593 2074 ac
612 2013 746 2098 vigilanti
766 2033 834 2073 cura
860 2000 997 2073 laborare
1013 2011 1168 2072 studeas'
1160 2033 1190 2072 m
1211 2014 1364 2093 praedica·

253 2101 337 2162 tione
357 2116 457 2166 sancta
483 2119 512 2168 et
541 2107 676 2169 doctrina
695 2105 829 2167 salutari:
857 2119 998 2186 quatenus
1024 2127 1078 2186 per
1103 2115 1183 2166 tuam
1209 2105 1365 2167 devotissi-¹

252 2215 328 2256 mam
349 2195 508 2260 sollertiam
528 2203 651 2264 verbum
671 2201 747 2264 vitae
769 2211 906 2261 aeternae
928 2212 1039 2260 crescat
1059 2209 1089 2259 et
1109 2209 1216 2274 currat,
1236 2211 1265 2259 et
1284 2201 1361 2258 mul-

201 2348 204 2360 ,
251 2287 403 2370 tiplicetur
422 2314 559 2358 numerus
580 2293 684 2376 populi
705 2291 865 2352 Christiani
883 2291 914 2350 in
934 2291 1049 2352 laudem
1070 2303 1100 2351 et
1119 2291 1240 2374 gloriam
1257 2291 1361 2355 Salva-

251 2383 325 2459 toris
344 2387 439 2448 nostri
458 2389 526 2450 Dei.
565 2389 660 2450 Nosse
681 2386 780 2464 itaque
803 2405 858 2464 per
876 2396 924 2444 tua
945 2384 1054 2466 scripta
1074 2397 1125 2446 aut
1143 2406 1197 2466 per
1216 2397 1245 2444 te
1265 2385 1360 2466 ipsum

250 2477 401 2557 volumus,
422 2481 547 2560 qualiter
567 2493 596 2542 et
614 2493 662 2558 tu,
688 2491 718 2540 et
743 2477 925 2562 suffraganei
950 2477 994 2538 tui
1014 2477 1143 2540 doceatis
1164 2489 1194 2538 et
1213 2479 1359 2538 instruatis

250 2575 416 2636 sacerdotes
442 2573 501 2634 Dei
535 2586 566 2636 et
596 2571 715 2656 plebem
740 2573 826 2634 vobis
847 2572 1027 2632 commissam
1048 2572 1084 2632 de
1103 2571 1246 2652 Baptismi
1265 2593 1358 2634 sacra·

250 2679 363 2744 mento,
383 2667 413 2728 id
434 2677 478 2728 est
503 2689 554 2728 cur
573 2667 669 2747 primo
689 2665 786 2726 inians
807 2665 1046 2726 catechumenus:
1073 2665 1179 2726 deinde
1199 2685 1253 2745 per
1278 2667 1357 2725 ordi-

248 2779 319 2820 nem
339 2759 438 2820 omnia
459 2780 534 2836 quae
555 2771 691 2865 aguntur.
721 2759 769 2818 De
788 2755 944 2831 scrutinio,
964 2757 1033 2836 quid
1045 2758 1083 2817 sit
1097 2757 1277 2818 scrutinium.
1308 2758 1357 2818 De

248 2851 396 2934 symbolo,
417 2849 548 2932 quaesit
568 2849 628 2910 eius
648 2849 855 2930 interpretatio
875 2851 1035 2910 secuudum
1054 2849 1185 2911 Latinos.
1223 2850 1271 2910 De
1292 2872 1356 2912 cre-

248 2945 381 3022 dulitate,
401 2944 552 3026 quomodo
573 2943 752 3006 credendum
772 2943 809 3004 sit
827 2965 859 3004 m
869 2943 965 3004 Deum
977 2943 1094 3004 Patrem
1111 2943 1357 3024 omnipotentem

248 3040 330 3102 etin
348 3041 450 3100 Jesum
472 3039 620 3100 Christum
641 3035 779 3098 lilium
753 3059 824 3114 erus,
840 3047 870 3097 et
889 3037 921 3095 in
942 3037 1084 3118 Spicitum
1104 3037 1260 3108 Sanctum3
1280 3035 1354 3096 San-

247 3112 324 3196 otim
342 3133 505 3196 Ecclesiam
527 3131 723 3206 Catholicam,
744 3142 774 3189 et
793 3141 909 3190 caetera
930 3149 1004 3209 quae
1024 3141 1187 3208 sequuntur
1200 3130 1232 3188 iu
1251 3129 1355 3190 eodem

247 3225 403 3310 symbolo
442 3227 490 3288 Ile
504 3223 764 3288 abrenuntiatione
779 3221 905 3282 Satanae
926 3232 956 3280 et
976 3222 1111 3283 omnibus
1130 3222 1320 3330 operibns'
1294 3243 1355 3282 erus

247 3332 279 3381 et
297 3321 424 3400 pompis,
444 3322 514 3400 quid
534 3319 571 3382 sit
590 3315 825 3392 abrenuntiatio,
855 3325 886 3374 et
905 3335 979 3396 quae
1000 3337 1090 3398 opera
1112 3315 1171 3396 eius
1193 3315 1303 3378 diaboli
1325 3327 1353 3375 et

245 3433 384 3494 pompae.
426 3413 489 3474 Cur
507 3411 672 3474 insufflatur
692 3424 722 3472 et
743 3431 795 3472 cur
815 3407 1004 3470 exorcizatur.
1048 3409 1110 3471 Cur
1129 3410 1352 3480 catechumenus

246 3504 354 3584 accipit
373 3502 472 3565 salem.
514 3503 615 3578 Quare
637 3515 799 3586 tanguntur
818 3523 915 3578 nares,
935 3515 1036 3582 pectus
1056 3505 1178 3586 ungitur
1198 3502 1282 3576 ole0;
1301 3524 1353 3562 cur

245 3598 382 3676 scapulae
401 3597 569 3678 signantur,
596 3607 626 3656 et
656 3615 745 3676 quare
770 3608 873 3676 peetus
899 3608 929 3658 et
954 3596 1088 3677 scapulae
1108 3597 1250 3658 lavantur.
1290 3595 1353 3656 Cur

246 3689 319 3750 albis
338 3689 470 3750 induitur
488 3687 688 3764 vestimentis,
708 3709 761 3748 cur
779 3710 863 3750 sacro
884 3689 1037 3750 chrismate
1057 3701 1145 3770 caput
1163 3693 1354 3772 perungitur;

246 3794 278 3844 et
296 3781 420 3862 mystico
440 3769 550 3863 tegitur
568 3780 727 3854 velamine;
752 3793 782 3841 et
809 3805 861 3844 cnr
886 3802 1013 3864 corpore
1033 3794 1063 3842 et
1082 3783 1225 3866 sanguine
1245 3781 1351 3842 Domi-

185 3877 192 3889 “
244 3879 314 3940 nico
335 3875 533 3938 confirmatur.
577 3877 660 3938 Haec
687 3875 785 3952 omnia
809 3875 909 3936 subtili
935 3874 1074 3960 indagine
1094 3875 1275 3957 perscripta
1295 3897 1350 3936 no-

244 3971 300 4047 bis,
319 3969 393 4058 sicut
413 3964 544 4041 diximus,
564 3969 700 4029 nuntiare
720 3979 835 4052 sataget
860 3980 891 4029 et
917 3969 941 4029 si
960 3968 1000 4028 ita
1019 3979 1120 4030 teneas
1141 3981 1170 4029 et
1191 3971 1354 4049 praedices,

245 4076 295 4124 aut
313 4064 337 4124 si
357 4063 387 4122 in
408 4062 465 4121 hoc
487 4059 566 4138 quod
586 4061 736 4140 praedicas
760 4061 904 4142 teipsum
925 4061 1078 4124 custodias.
1117 4061 1201 4124 Bene
1221 4064 1301 4141 vale,
1322 4075 1353 4123 et

246 4175 297 4216 ora
319 4153 490 4236 pronubis.

288 4298 309 4346 Ι)
323 4295 494 4350 Matr'IIon,
509 4295 633 4349 Analecta,
648 4295 668 4350 1,
684 4309 706 4352 p.
721 4301 758 4341 21.
788 4298 938 4356 Boupust,
952 4299 981 4353 v,
995 4313 1018 4356 p.
1033 4299 1086 4344 632.

283 4361 307 4412 ²)
321 4361 370 4406 I'on
386 4363 497 4409 ntsttand.

699 4483 896 4494 m
