2960 5094
810 439 869 512 ΙΙ

290 593 487 684 quia‘ldisens
510 599 677 684 regaliter
700 598 754 659 lt‘ac
779 617 815 658 re
835 599 975 680 fatigatus
999 599 1104 675 luerit,
1129 594 1203 660 alios
1229 593 1393 662 duodecim

289 695 400 756 solidos
419 695 488 755 inde
514 694 637 775 recipiat
656 694 693 754 ad
712 697 826 773 partem
844 691 943 774 Regis.
987 692 1022 752 Si
1041 703 1140 755 autem
1161 695 1224 775 ipsa
1244 713 1329 759 cama
1349 695 1393 754 ad

288 785 440 868 palatium
457 787 489 846 in
512 787 679 866 praesentia
704 786 801 868 Regis
825 787 861 848 ad
886 785 1099 848 deliniendum.
1115 788 1212 848 fixerit·
1231 787 1392 870 perducta,

287 891 360 941 time
378 879 495 958 utrique
515 879 610 940 sculi·
622 880 792 954 duodecim,
816 874 847 938 id
866 889 911 938 eet
928 897 985 958 pro
1004 880 1173 962 vuargilda,
1191 880 1323 960 etquud
1341 881 1396 940 vi-

288 973 361 1034 cinis
382 972 481 1034 decuit
500 993 691 1052 componere,
710 991 748 1032 eo
768 971 849 1051 quod
867 969 1078 1050 infrapetriam
1097 969 1304 1034 deluitaratio
1323 993 1396 1033 non

287 1065 394 1142 suerit,
414 1065 451 1126 ad
471 1077 585 1146 partem
604 1066 693 1147 Regis
712 1064 823 1124 faciant
842 1083 1039 1144 componere,
1059 1067 1139 1146 quod
1159 1068 1218 1127 sint
1236 1067 1323 1128 solidi
1341 1066 1394 1128 ri-

238 1191 240 1206 =
287 1158 364 1243 giuti
391 1169 525 1238 quatuor.
569 1157 642 1218 Nam
669 1157 693 1218 si
712 1156 805 1216 luerit
824 1156 928 1236 aliquis
953 1158 1054 1238 quiin
1074 1158 1183 1239 patria,
1207 1159 1285 1222 iuxta
1305 1161 1396 1240 quod

287 1250 332 1311 sui
352 1249 501 1313 convicini
520 1249 727 1325 iudicaverint,
747 1269 837 1330 seque
857 1249 1012 1332 pacificare
1032 1251 1174 1328 noluerit,
1199 1264 1229 1313 et
1247 1254 1284 1313 ad
1303 1252 1396 1332 pala-

284 1343 358 1404 tium
377 1365 432 1426 pro
454 1343 536 1404 huius
556 1342 600 1403 rei
620 1361 705 1402 causa
724 1343 847 1419 venerit,
868 1354 898 1403 et
917 1343 958 1404 ibi
978 1344 1006 1404 ei
1027 1345 1116 1406 luerit
1134 1346 1292 1407 iudicatum
1305 1348 1395 1426 quod

284 1436 391 1498 iustum
408 1436 547 1498 iudicium
567 1434 753 1512 iudicasse-nt,
777 1435 809 1495 in
829 1437 922 1517 prima
941 1437 1023 1513 vice,
1043 1449 1076 1498 ut
1095 1459 1182 1518 supra
1202 1439 1310 1500 dictum
1332 1449 1393 1515 est,

284 1529 399 1590 solidos
413 1527 521 1609 uiginti
542 1538 669 1607 quatuor
692 1521 729 1587 ad
747 1539 861 1608 partem
880 1529 971 1610 Regis
997 1539 1166 1612 componat.
1211 1533 1251 1591 Et
1270 1531 1294 1592 si
1312 1541 1392 1592 tunc

283 1619 352 1680 inde
372 1619 489 1679 rediens
509 1639 541 1680 se
561 1619 717 1700 pacificare
738 1631 769 1682 et
787 1622 926 1684 iustitiam
945 1622 1043 1684 facere
1062 1624 1209 1698 renuerit,
1229 1624 1393 1684 etiterum

282 1735 339 1796 pro
359 1714 529 1794 istacausa.
541 1713 579 1774 ad
598 1712 738 1793 palatium
763 1713 853 1774 luerit
872 1729 1049 1779 convocatus
1069 1729 1100 1777 et
1119 1716 1315 1791 deiudicatus,
1340 1716 1392 1777 bis

282 1806 389 1892 viginti
414 1815 541 1886 quatuor
566 1805 677 1868 solidos
703 1819 872 1888 componat
925 1808 958 1868 Si
981 1829 1053 1870 vero
1078 1809 1204 1870 necdum
1228 1819 1392 1889 correptus

282 1900 372 1964 tertia
384 1899 449 1961 vice
461 1918 517 1978 pro
538 1899 641 1960 eadem
660 1920 693 1962 re
713 1899 908 1982 adpalatium
927 1903 1109 1977 remeaverit,
1129 1900 1245 1982 triplam
1259 1921 1390 1982 compo-

282 1993 420 2061 sitionem
441 1990 546 2052 exinde
566 1989 654 2052 faciat
672 1994 709 2054 ad
729 2005 843 2073 partem
862 1993 961 2076 Regis.

339 2085 377 2146 V.
408 2083 443 2146 Si
462 2083 525 2164 quis
546 2083 583 2146 de
596 2084 794 2150 nobilioribus
813 2086 850 2146 ad
866 2086 1005 2167 placitum
1023 2087 1169 2150 mannitus
1185 2087 1288 2148 uenire
1307 2106 1391 2148 con-

280 2178 423 2255 temserit,
441 2177 553 2239 solidos
573 2189 700 2258 quatuor
719 2190 890 2260 componat,
908 2180 1031 2261 ingenui
1051 2180 1135 2253 dnos,
1154 2179 1200 2240 liti
1219 2201 1317 2240 uuum

338 2272 392 2332 vl.
418 2270 468 2334 Ile
485 2268 670 2353 Presbyteris
689 2273 969 2350 statuerunt,.quod,
983 2271 1007 2332 si
1027 2271 1137 2351 aliquid
1157 2273 1200 2334 eis
1218 2281 1393 2339 auteorum

279 2364 453 2431 homnibus.
476 2365 539 2446 quis
560 2364 739 2426 eontrarium
753 2362 933 2428 'facescant
951 2363 1057 2426 tollere
1077 2366 1389 2446 praesumseritcou-

230 2515 234 2542 ,
279 2469 326 2520 tra
344 2458 494 2530 iustitiam,
514 2456 612 2518 omnia
633 2455 664 2514 iu
685 2454 807 2535 duplum
827 2457 960 2520 restituat
979 2456 1021 2520 eis
1041 2468 1073 2520 et
1092 2469 1260 2539 componat.

334 2550 405 2608 VII.
435 2548 484 2606 De
503 2546 597 2608 Missis
617 2545 707 2628 Regis
730 2558 909 2627 statuerunt,
934 2562 968 2612 ut
990 2552 1016 2614 si
1041 2550 1078 2612 ub
1100 2553 1142 2612 eis
1161 2551 1266 2632 aliquis
1284 2553 1383 2614 inter-

279 2637 542 2724 lectmzererrrit,
566 2639 598 2700 in
616 2640 738 2722 triplum
757 2663 827 2704 eum¹
844 2663 1025 2724 componere
1052 2643 1159 2706 debeat
1172 2645 1236 2724 ,qui
1255 2646 1312 2706 hoc
1332 2646 1383 2707 fa-

280 2757 348 2798 cere
368 2733 582 2818 praesumserit
626 2733 768 2799 Similiter
788 2735 932 2815 quicquid,
951 2749 1001 2800 aut
1020 2757 1128 2802 eorum
1144 2737 1312 2810 homiuibus
1332 2739 1382 2800 fa-

187 2885 189 2896 ,
279 2839 360 2890 ctum
385 2826 490 2903 suerit,
520 2826 619 2892 omnia
648 2827 804 2910 tripliciter
831 2828 941 2892 facient
965 2842 1128 2895 restaurare
1161 2842 1192 2892 et
1212 2832 1382 2898 secundum
1477 2841 1478 2844 ’

279 2943 382 2986 eorum
402 2941 476 2984 euve*
494 2941 683 3001 componere.
822 2935 826 2942 '

334 3016 422 3080 VIII.
440 3014 498 3078 ,De
517 3014 658 3078 incendio
677 3019 826 3094 convenit,
840 3021 927 3098 ¹quod
947 3021 1043 3082 nullus
1062 3023 1139 3083 inira
1159 3023 1281 3102 patriam
1290 3039 1381 3101 prae-

278 3122 373 3174 sumat
391 3109 498 3198 facere
509 3120 634 3189 propter
652 3110 725 3170 iram
744 3123 795 3172 aut
804 3111 997 3190 inimicitiam,
1016 3127 1067 3174 aut
1087 3114 1219 3194 qualibet
1233 3113 1382 3176 malevola

277 3204 452 3286 cupiditate;
483 3214 606 3282 excepto
631 3203 655 3264 si
681 3204 746 3264 talis
770 3205 868 3268 luerit
891 3205 1011 3267 rebellis
1042 3207 1093 3285 qui
1114 3207 1255 3270 iustitiam
1278 3208 1379 3268 lacere

277 3296 422 3374 uoluerit,
447 3307 478 3358 et
496 3295 583 3360 aliter
603 3295 747 3360 districtus
773 3317 834 3358 esse
855 3317 917 3358 non
937 3299 1063 3378 poterit',
1089 3312 1119 3360 et
1139 3303 1176 3362 ad
1195 3321 1268 3376 nos,
1290 3311 1324 3362 ut
1344 3301 1377 3360 in

277 3389 447 3468 praesentia
470 3403 571 3451 nostre
595 3389 734 3454 iustitiam
753 3390 872 3466 reddat,
890 3390 1006 3454 uenire
1030 3393 1209 3474 despexerit,
1234 3393 1376 3455 condicto

278 3498 436 3540 commune
459 3479 571 3557 placito
594 3481 678 3540 simul
702 3483 757 3560 ipsi
777 3504 919 3563 pagenses
943 3485 1077 3556 veniarum
1103 3495 1132 3543 et
1153 3485 1179 3544 si
1199 3485 1380 3556 unanimiter

278 3569 483 3634 consenserint
501 3591 556 3650 pro
578 3569 759 3632 districtione
779 3574 856 3634 illius
877 3597 941 3638 casa
960 3576 1142 3653 incendatur,
1162 3588 1233 3638 tunc
1254 3578 1290 3640 de
1307 3581 1380 3659 ipso

278 3663 389 3746 placito
410 3683 565 3730 commuue
586 3663 709 3725 consilio
737 3665 815 3728 lecto
830 3669 992 3735 secuudum
1012 3687 1115 3734 eorum
1139 3691 1215 3734 eura
1234 3672 1285 3734 fiat
1303 3693 1379 3752 per-

237 3751 239 3761 *
277 3769 389 3849 actum,
414 3769 445 3820 et
469 3777 531 3819 nou
555 3755 768 3838 proquelibet.
788 3758 943 3822 iracundia.
963 3773 1013 3824 aut
1031 3763 1175 3827 malevola
1195 3766 1378 3847 intentione,

277 3850 334 3912 nili
352 3871 407 3931 pro
429 3849 611 3914 districtione
629 3861 740 3911 nosue.
782 3851 817 3916 si
837 3847 922 3914 aliter
935 3855 1046 3922 ¹lacere
1066 3877 1149 3918 ausus
1169 3859 1273 3937 fuerit,
1297 3861 1379 3924 sicut

276 3943 409 4025 superius
428 3944 539 4006 dictum
559 3955 613 4020 est,
632 3943 742 4006 solidos
761 3945 908 4026 sexaginta
929 3961 1097 4028 componat.

333 4038 385 4098 IX.
429 4037 505 4099 Item
522 4034 654 4115 placuit,
683 4048 716 4098 ut
746 4039 977 4118 quantoquidem
1001 4042 1130 4104 voluerit
1151 4044 1287 4106 Domnue
1310 4047 1379 4110 Rex

275 4143 401 4214 propter
426 4150 545 4211 pacem,
575 4141 605 4190 ct
629 4133 753 4211 propter
777 4130 884 4192 faidam
909 4143 940 4191 et
963 4146 1088 4214 propter
1111 4136 1238 4200 maiores
1264 4159 1377 4218 causes,

276 4222 406 4287 baunuut
436 4223 592 4286 fortiorem
617 4235 761 4298 statuere,
791 4244 849 4288 uua
865 4217 940 4287 ‘cum
964 4246 1111 4298 consensu
1134 4231 1317 4292 Francorum
1343 4247 1377 4296 et

276 4313 406 4374 fidelium
418 4317 577 4394 Saxonum,
597 4317 755 4378 secundum
777 4320 856 4396 quod
876 4318 904 4378 ei
922 4317 1076 4399 placuerit,
1095 4323 1171 4384 iuxta
1192 4323 1272 4404 quod
1288 4343 1376 4390 causa

276 4405 366 4489 exigit
393 4420 423 4470 et
447 4413 652 4492 opportunitas
680 4410 783 4488 luerit,
810 4412 920 4476 solidos
945 4415 1093 4497 sexaginta
1118 4416 1312 4500 multiplicare
1339 4421 1374 4482 in
