2900 5086
572 701 695 772 XCIV.

99 827 402 886 Testamentum
419 825 550 883 senen
566 827 730 882 rutrum
747 814 907 890 Anbntls
923 783 1154 898 Menestam
1246 794 1249 808 ‚

72 931 104 983 S.
137 930 256 1004 Dionysii
278 929 304 980 in
327 927 445 990 Francia,
471 942 496 980 et
518 921 687 982 Fundatoris‘
705 929 923 988 Nlonastcriorum
944 935 1125 1004 Lelreralrensis
1154 953 1177 990 et

158 1013 184 1066 S.
203 1013 336 1084 Hippolyti
353 1012 381 1063 in
398 1011 510 1066 dioecesi
526 1013 717 1096 Argentinensi,
740 1015 827 1068 datum
847 1037 915 1072 anno
934 1019 1055 1070 LXXVII
1068 1019 1103 1088 ¹).

138 1153 311 1215 Terminum
330 1155 406 1215 ritae
432 1155 626 1234 pertimesco,
656 1155 773 1236 quando
800 1155 836 1216 de
863 1159 940 1218 hanc
959 1159 1105 1222 saeculum
1125 1145 1178 1226 ero
1225 1212 1233 1228 .
1282 1207 1285 1210 -
1332 1175 1335 1180 ·

69 1249 267 1330 migraturus,
286 1260 320 1307 ut
339 1248 448 1328 aliquid
468 1250 504 1310 de
523 1249 650 1328 peccatis
670 1248 741 1308 meis
760 1268 815 1328 per
833 1249 1048 1312 confessionem
1069 1265 1100 1314 et
1118 1253 1177 1314 lar·
1303 1259 1307 1266 ’

70 1343 202 1425 gitatem
228 1341 264 1401 dc
284 1340 418 1421 proprias
439 1341 578 1422 pecunias
597 1361 691 1418 meas,
721 1343 852 1422 quae'ad
870 1341 1067 1404 Ecclesiarum
1092 1358 1122 1406 et
1141 1349 1178 1429 ad

70 1436 149 1496 loca
169 1432 344 1518 Sanctorum
363 1433 522 1494 Beatos-um
541 1435 701 1515 Martyrum
721 1435 878 1516 Dionysio,
896 1436 1018 1505 Rustico
1039 1448 1070 1496 et
1087 1438 1179 1499 Eleu-

70 1525 191 1600 therio,
210 1524 260 1584 ubi
280 1526 336 1606 ipsi
354 1526 466 1586 Domni
485 1546 612 1606 corpore
631 1528 836 1606 requiescunt,
864 1529 895 1588 in
915 1530 983 1589 loco
1004 1530 1054 1608 qui
1073 1530 1179 1608 dicitur

70 1618 249 1694 ¹(ladolaco,
280 1619 331 1678 ubi
355 1619 483 1700 plurime
501 1639 651 1681 servorum
673 1620 733 1681 Dei
756 1631 850 1682 turma
874 1621 973 1682 laudes
994 1621 1106 1683 Christi
1130 1624 1179 1684 die

72 1723 232 1789 noctuque
251 1710 512 1786 adesservidentur,
530 1723 564 1770 ut
583 1713 614 1771 in
633 1713 771 1772 alimonia
792 1733 894 1774 eorum
914 1727 945 1774 et
963 1703 1179 1794 susceptionem

73 1803 254 1886 lrospidum,
283 1802 331 1862 vel
351 1803 382 1862 in
402 1803 560 1864 elemosina
581 1803 796 1866 Senodicorum
817 1808 994 1886 pauperum,
1017 1808 1180 1885 viduarum,

73 1897 264 1969 orfanorum,
283 1906 314 1954 et
331 1895 363 1954 in
382 1894 480 1959 lumen
500 1897 686 1956 ecclesiarum
711 1899 847 1958 conferre
867 1899 999 1975 debeam,
1021 1911 1055 1959 ut
1073 1901 1179 1960 Domi-

73 2013 134 2052 nus
162 2009 217 2070 per
245 2009 324 2048 snam
349 1987 576 2048 misericordiam
607 1999 638 2048 et
660 1989 900 2052 intercessionem
926 1992 1117 2067 Sanctorum,
1149 2003 1180 2054 et

74 2083 231 2166 orationes
243 2099 403 2160 pauperum
421 2077 492 2138 milri
509 2080 541 2138 in
557 2080 630 2159 pace'
646 2093 676 2140 et
693 2081 891 2144 misericordia
902 2085 1018 2146 'debeat
1036 2085 1180 2166 recipere,

74 2175 210 2257 qualiter
233 2172 402 2254 portionem
427 2183 539 2232 mereat
556 2171 665 2232 habere
690 2173 722 2232 in
738 2175 799 2235 rita
819 2175 982 2236 beatorum.
1020 2181 1087 2260 Ego
1107 2177 1179 2238 Ful·

21 2283 23 2286 '
73 2271 168 2332 radus
186 2266 241 2326 hac
265 2265 290 2326 si
309 2265 445 2348 indignus
470 2267 606 2330 sacerdos
631 2277 751 2324 vocatus
764 2269 812 2344 ²),
841 2267 915 2328 filius
935 2269 1053 2330 Ricullo
1074 2282 1104 2329 et
1122 2271 1193 2331 Er-.

73 2359 241 2440 mengarde
262 2348 419 2437 quondam,
439 2359 530 2433 dono,
550 2358 748 2437 donatumque
767 2359 797 2417 in
816 2371 992 2440 perpetuum
1012 2381 1114 2421 omncs
1132 2379 1180 2420 res
1226 2416 1229 2430 ,

72 2449 271 2536 proprietatis
302 2469 402 2526 meae,
435 2451 575 2530 quidquid
600 2453 636 2511 de
660 2451 842 2512 successione
867 2447 1021 2532 parentum
1045 2472 1179 2512 meorum
1280 2444 1314 2516 ,¹

31 2599 35 2604 .
74 2543 152 2606 mihi
172 2541 305 2616 obvenit,
322 2541 371 2602 vel
385 2542 549 2602 dationibus
561 2543 686 2624 Regum,
705 2565 756 2603 seu
776 2545 812 2605 de
832 2533 1014 2628 compirato,
1032 2546 1080 2606 vel
1097 2565 1178 2607 corn-

74 2634 261 2710 mutationis,
279 2633 327 2694 vel
335 2635 510 2711 traditionis,
530 2647 793 2716 quantumcumque
808 2637 879 2697 mihi
899 2650 931 2698 et·
948 2659 1089 2720 germano
1109 2657 1178 2700 mco
1260 2633 1265 2643 ¹

77 2728 265 2793 Ganstberto
280 2727 418 2787 traditum
441 2727 507 2804 fuit,
527 2739 558 2788 et
575 2727 713 2808 quicquid
728 2729 791 2808 ipse
807 2749 960 2812 gemenas
978 2751 1058 2792 meus
1070 2731 1179 2804 Gaust‘-
1245 2793 1250 2812 ,

76 2827 183 2886 bertus
201 2819 277 2878 mihi
290 2819 426 2893 tradidit,
455 2831 485 2877 et
507 2820 589 2878 villas
615 2820 831 2897 denominatas,
861 2841 917 2902 que
937 2818 1137 2884 Theudericus
1149 2825 1181 2901 ³)

76 2915 153 2980 mihi
177 2910 310 2972 tradidit:
342 2907 372 2970 id
404 2919 472 2968 sunt
495 2909 638 2968 Blithario
665 2911 776 2989 villa⁴)
803 2933 868 2972 cum
895 2915 1076 2992 appendiciis
1106 2916 1178 2991 suis;

77 3001 358 3072 Auricas-Machera
371 3002 403 3079 ⁵)
433 3021 497 3059 cum
523 3001 704 3079 appendiciis
734 3021 846 3074 earum,
875 3004 1047 3066 Gamundiis
1062 3010 1093 3083 ⁰)
1113 3027 1179 3068 cum

79 3096 263 3183 appendiciis
290 3094 356 3155 suis.
408 3091 550 3152 Similiter
576 3103 839 3172 quantumcumque
864 3095 1037 3157 Hartbertns
1061 3099 1092 3156 in
1116 3099 1179 3176 ipsa

79 3196 148 3258 loca
168 3188 284 3263 habuit,
314 3199 345 3247 et
365 3185 556 3268 Cocalingas,
581 3195 612 3243 et
633 3184 750 3257 villare,
776 3205 850 3266 quae
871 3187 1088 3247 Hermenlindis
1107 3187 1179 3246 milri

80 3283 219 3348 tradidit:
239 3279 373 3340 similiter
391 3279 606 3362 Sechingastl)
624 3277 847 3359 Faginulvineas
859 3279 891 3355 ⁸)
911 3299 976 3338 cum
996 3279 1179 3360 integritate3
1254 3352 1259 3364 Ι

79 3377 217 3442 similiter
234 3373 470 3448 Fredishaim0),
500 3370 634 3430 similiter
659 3369 946 3448 Hundinishaim10)
972 3380 1003 3430 et
1025 3370 1179 3430 Manchin-
1210 3387 1213 3396 ¹
1251 3373 1252 3380 ’

81 3468 236 3545 lraim¹¹)‚
256 3477 287 3528 et
304 3461 560 3542 Benisthaimn),
585 3483 658 3542 quae
680 3450 950 3541 Chrodhardusli)
968 3461 1040 3522 milri
1059 3463 1180 3522 tradidit

81 3585 150 3627 cum
171 3557 350 3640 appendiciis
369 3577 477 3618 earum.
516 3554 658 3616 Similiter
675 3553 755 3616 villas
776 3567 806 3615 et
824 3553 906 3632 loca,
926 3575 1000 3637 quae
1018 3556 1116 3616 Wido
1127 3559 1136 3594 ¹
1147 3555 1179 3634 ⁴)

82 3657 156 3718 milri
175 3653 310 3727 tradidit,
330 3649 556 3726 Guirmsriu),
579 3647 920 3727 Audaldo-villare¹⁶)‚
945 3646 1179 3708 Radberto-vil-

83 3749 146 3810 lare
160 3747 227 3824 ιΨ),
265 3741 549 3818 Grutcinlraim¹⁸),
574 3734 868 3819 Ansulsesheimffv),
899 3739 1179 3816 Scasenshaimw),

85 3853 117 3903 et
134 3839 262 3918 reliquas
281 3855 327 3896 res
346 3855 401 3916 per
415 3833 480 3896 loca
499 3833 611 3894 diversa
631 3845 689 3901 tam
710 3833 741 3892 iu
761 3832 977 3908 Alisaciusfl),
997 3853 1082 3912 quam
1103 3847 1178 3910 quae

84 3936 117 3994 in
133 3927 419 4006 mordinatam),
440 3945 514 4007 quae
533 3925 603 3986 mihi
622 3925 720 3986 Wido
740 3923 869 3998 tradidit,
889 3935 919 3984 et
935 3945 990 4004 per
1009 3943 1072 3983 mea
1092 3941 1178 4002 prae-

85 4026 173 4087 staria
197 4022 287 4082 modo
312 4020 527 4084 usufructuario
549 4017 659 4099 aliquas
690 4015 804 4090 habet,¹
824 4014 1178 4091 Waltario-villare¹³)‚

85 4112 344 4196 Tornugovillare,
362 4113 559 4196 Victornigas,
578 4109 738 4170 Adimartia
755 4108 897 4188 vinu),
909 4104 1178 4190 Hagnaldovillare‚

86 4209 249 4288 Warungo
268 4205 430 4290 curte²⁶),
450 4205 593 4265 Filicione
614 4213 711 4277 curte,
732 4201 884 4264 Sicramno
904 4199 1066 4276 nuncu),
1085 4214 1177 4276 quan·
1276 4215 1280 4235 ·

87 4313 273 4378 tumcnmque
291 4299 323 4358 in
342 4297 483 4359 Alisacius
503 4309 534 4357 et
552 4293 743 4357 Mordenavla
770 4306 800 4355 et
818 4291 1003 4374 Brisegavia,
1037 4289 1177 4369 quicquid

89 4392 159 4452 mihi
177 4390 315 4456 traditum
334 4391 404 4469 luit,
432 4402 463 4450 ct
482 4388 578 4450 datum
597 4409 652 4470 per
670 4389 891 4463 strumentafl)
911 4395 1067 4446 cartarum:
1097 4384 1194 4490 ³³⁰¹?

871 4477 948 4561 [ul.
