2900 5086
541 447 700 548 'eoax

29 645 115 726 ‘cipi
139 651 244 703 nostro
263 642 354 703 Petro
374 661 390 702 a
409 651 493 722 parte
511 663 556 702 sur
547 618 710 730 discipuli
730 641 846 703 offerat.
887 643 996 707 Octo·
986 645 1076 750 tgitur
1095 648 1160 712 Co·
1168 645 1170 652 ’

42 738 196 811 mitatus,
224 755 279 816 pro
310 754 410 796 amore
438 733 570 815 magistri
596 733 721 794 Domini
751 734 884 797 Silvestri
908 731 1051 818 Papae,
1054 755 1158 805 sancto

42 831 152 892 Petro
165 819 325 890 offerimus
346 839 376 887 et
395 828 547 902 donamus,
566 839 600 889 ut
618 827 655 886 ad
674 825 820 888 honorem
839 829 898 889 Dei
920 838 955 892 et
968 833 1061 893 saneti
1077 835 1159 895 Petri
1197 829 1202 836 ⁵

44 945 123 986 cum
147 941 198 982 sua
219 935 248 982 et
268 933 367 982 nostra
387 907 479 980 salute
499 921 606 980 habeat
627 931 658 978 et
676 932 786 992 teneat,
806 934 835 981 et
837 919 920 983 ad
910 937 1091 988 incrementa
1111 927 1157 986 sui

41 1014 249 1096 Apostolat'us
269 1014 420 1094 nostrique
440 1015 562 1095 Imperii
587 1013 712 1074 ordinet.
750 1013 814 1074 Hos
840 1027 937 1076 autem
961 1017 1018 1078 sibi
1043 1019 1080 1078 ad
1106 1041 1157 1079 or-

44 1109 220 1168 dinandum
240 1107 443 1180 concedimus,
469 1107 647 1200 Pisauriuro,
671 1107 799 1184 Fanum,
819 1107 1036 1190 senogalliam,
1055 1113 1158 1174 Anco·
1240 1100 1242 1106 ‚
1310 1190 1313 1198 Α

41 1222 144 1276 nam,
166 1199 358 1276 Fossabrum,
379 1199 545 1260 Gallihesi⁶
550 1202 615 1276 )'et
633 1201 794 1272 Aufinum
814 1213 844 1260 et
863 1203 959 1265 nullus
978 1227 1107 1286 unquam
1127 1208 1157 1268 ei

42 1306 79 1353 et
100 1301 212 1354 saneto
231 1292 322 1352 Petro
342 1293 448 1354 audeat
466 1292 591 1372 aliquam
617 1293 861 1374 inquietationem
880 1295 994 1376 facere,
1021 1311 1073 1360 aut
1092 1321 1160 1362 eum

43 1387 159 1466 aliquo
179 1385 343 1467 ingeniol)
362 1386 495 1468 fatigare.
1165 1384 1168 1392 ’
1198 1379 1207 1395 ”

112 1477 306 1557 Quicumque
325 1499 396 1539 vero
418 1481 659 1561 praesumpserit,
680 1482 792 1558 omnia,
812 1501 887 1560 quae
906 1479 1012 1558 hahet,
1031 1485 1159 1546 amittatz
1196 1497 1204 1504 “

46 1583 79 1632 et
100 1581 225 1632 sanetus
244 1572 363 1646 Petrus,
384 1592 459 1650 quae
478 1595 528 1634 sua
548 1585 629 1658 sunt,
648 1573 782 1658 recipiat.

7 1695 11 1708 ·
108 1665 239 1728 attt-
236 1663 302 1724 ·hoc
321 1673 417 1724 autem
438 1664 469 1724 in
489 1678 641 1730 aeternum
661 1665 697 1726 ab
719 1666 854 1727 omnibus
875 1679 1094 1746 conservetur,
1099 1670 1159 1732 hoe
1252 1743 1255 1750 ,

46 1767 251 1837 praeceptum
274 1777 363 1817 manu
388 1770 488 1819 nostra
513 1759 562 1819 diu
587 1760 656 1820 Deo
682 1761 814 1820 adiutore
837 1759 950 1821 victura
973 1763 1160 1825 confirmaui-
1178 1823 1182 1835 ,

44 1873 155 1926 mars,
152 1863 182 1911 et
201 1863 305 1912 nostro
324 1839 423 1934 sigillo
443 1852 644 1932 praecepimus
662 1852 813 1934 insigniri,
832 1863 865 1913 ut
882 1852 939 1914 sihi
957 1855 1075 1936 suisque
1091 1867 1159 1919 su'c-
1224 1881 1228 1886 ·

47 1944 224 2007 cessoribus
242 1946 347 2008 valeat.

339 2151 916 2252 Anmerkungeo‘

118 2327 152 2401 ¹)
174 2323 308 2404 Galliam,
329 2347 354 2387 a.
375 2347 400 2386 a.
422 2326 472 2403 0.,
491 2325 522 2385 S.
541 2331 588 2391 40.
627 2322 730 2405 Vergl.
751 2323 809 2382 den
824 2323 940 2383 Komm.
960 2345 997 2384 zu
1015 2326 1089 2407 Kap.
1104 2329 1157 2388 Vl.

50 2418 84 2478 S.
106 2421 169 2483 146
187 2409 279 2498 iolgd.

117 2511 153 2588 3)
173 2507 328 2570 Nelimlich
346 2509 429 2570 Karl
445 2509 501 2570 den
519 2509 644 2574 Kahleu.

117 2603 152 2680 3)
171 2605 241 2662 Von
261 2603 343 2666 Korl
359 2601 424 2664 dem
442 2602 555 2664 Diokao
573 2604 635 2664 und
655 2605 758 2663 dessen
777 2602 892 2662 Bruder
909 2561 1125 2666 Καιῑιιιιιιιιι.

117 2689 205 2774 3.)Ε
226 2697 308 2758 sicut.

118 2791 152 2868 3)
175 2789 304 2864 (imbuit,
316 2791 367 2849 der
377 2793 432 2872 grii
436 2790 489 2850 lste
503 2787 645 2850 Gelehrte
658 2789 752 2849 seinos
765 2787 931 2862 Zeitalters;
951 2789 991 2850 als
1003 2789 1160 2852 Schwarz-

52 2881 190 2943 kiinstler
209 2881 291 2940 nich't
309 2882 425 2940 sowolrl
444 2881 728 2942 seinerKenntnisse
748 2881 852 2942 halber
872 2881 927 2958 (als
943 2869 1073 2962 solcher)
1092 2905 1162 2946 ver-

53 2975 205 3048 schrieen,
222 2975 353 3034 sondern
372 2994 432 3034 von
450 2975 502 3033 der
521 2973 688 3032 romischen
701 2973 801 3031 Partei
820 2973 1009 3048 verleumdet,
1028 2976 1161 3037 welcher

56 3072 111 3131 der
130 3065 272 3148 kr‘ailtige,
293 3065 447 3148 geistvolle
467 3066 527 3124 und
548 3065 614 3124 dem
632 3063 822 3122 kaiserlichen
842 3063 988 3124 Interesse
1009 3067 1159 3147 ergebene

53 3163 152 3223 Mann
180 3159 228 3220 ein
252 3161 339 3219 Dorn
364 3159 404 3218 im
429 3157 515 3237 Auge
540 3178 611 3218 war.
663 3153 714 3215 Ich
740 3155 882 3215 verweise
912 3155 951 3213 im
970 3157 1085 3218 Voraus
1111 3158 1165 3220 auf

55 3255 157 3316 meino
167 3253 275 3313 Arbeit
293 3253 368 3312 iiber
386 3251 448 3327 ihn,
466 3251 525 3328 die,
544 3271 635 3310 wenn
647 3249 724 3308 Gott
737 3246 823 3307 Krast
837 3247 899 3306 und
910 3247 1014 3308 Lebeu
1028 3248 1160 3331 schenlrt,
1259 3311 1266 3320 ,

55 3348 128 3410 bald
141 3346 321 3407 erscheinen
341 3345 406 3405 soll.

118 3439 332 3520 ⁶)Vielleicht
352 3435 460 3514 Galles,
479 3435 610 3498 Hesium.
647 3433 922 3532 -)1nganno,
942 3431 1063 3511 Bmug.

511 3672 712 3686 m

124 4029 289 4090 nona-tm
305 4032 360 4089 11.
395 3897 841 4100 Μῃῗιῖιξξξξᾎιειςιιιιὶ
857 4024 1099 4088 constitutio

325 4117 358 4166 de
374 4113 511 4183 Regalibus
528 4115 611 4168 Beato
630 4112 709 4164 Petro
729 4110 853 4168 concessis
864 4109 898 4181 ¹).

117 4233 159 4294 Ιιι
176 4235 290 4294 norom
302 4229 438 4294 -Domioi'
449 4229 509 4288 Boi
528 4231 741 4308 omnipotentio,
760 4229 879 4302 Patris,
897 4238 924 4287 et
940 4221 1030 4295 Filii,
1049 4234 1076 4280 et
1093 4221 1164 4299 ὅρι’.

63 4330 142 4388 ritus.
154 4327 264 4388 saeui.
301 4324 408 4386 Amen.
447 4324 515 4404 Ego
535 4323 699 4400 Henticus,
724 4323 782 4384 Dei
801 4321 895 4406 gratia
914 4319 1082 4419 Imperator
1100 4317 1164 4378 Au-

105 4479 125 4530 1)
143 4478 251 4535 Goldaat,
266 4491 280 4524 a
303 4492 327 4524 a.
341 4477 379 4534 ⁰.,
393 4491 417 4535 p.
431 4479 460 4520 ⁴2
475 4454 527 4532 oqui.

837 4535 930 4644 ou
959 4548 975 4610 κ
1008 4467 1017 4478 ’
