2908 5094
580 403 681 516 121'
882 529 916 586 ¹.

69 614 133 662 tem
152 612 283 662 mentem
302 599 488 662 intendimus.
533 599 626 680 quue
652 621 726 683 opus
744 599 840 663 Paulo
859 601 1013 680 Diacono,
1038 601 1173 664 familiari
1273 613 1277 625 ·

70 693 213 756 clientulo
234 706 354 771 nostro,
383 693 560 755 elimandum
579 693 768 771 iniunximus,
790 691 906 758 scilicet
924 707 958 756 ut
976 691 1104 760 undose
1123 691 1173 758 ca-

49 789 250 850 -tbolicorum
269 789 390 849 Patrum
416 787 493 846 dicta
517 771 710 866 percurrens,
738 790 828 851 veluti
853 788 1051 851 electissimis
1071 810 1174 850 corum

68 881 159 961 pratis
181 893 282 944 certos
302 899 437 962 quosque
455 879 596 959 flosculos
615 880 745 964 legeret,
764 891 794 942 et
811 885 953 960 inunum
974 901 1107 964 quaeque
1128 903 1173 942 es-

67 987 133 1035 sent
151 976 238 1036 utilia
258 974 341 1054 quasi
359 973 477 1054 sertipm
497 982 619 1053 aptaret.
654 973 717 1048 Qui
736 987 851 1038 nostrae
872 975 1047 1038 Celsitudini
1067 969 1175 1037 devote
1225 1027 1236 1054 ,

67 1089 173 1150 parere
196 1057 543 1143 desiderans,tractatus
568 1079 657 1154 atque
681 1088 832 1130 sermones
852 1063 1030 1132 diuersorum
1050 1069 1175 1130 catboli-

67 1184 172 1223 corum
192 1163 316 1222 Patrum
335 1159 501 1242 perlegens,
521 1171 552 1218 et
571 1161 683 1240 optima
703 1181 839 1242 quaeque
859 1163 1028 1244 decerpens,
1046 1164 1077 1222 in
1098 1163 1174 1222 duo-

67 1255 121 1314 bus
147 1253 349 1327 voluminibus
373 1273 426 1334 per
449 1255 541 1314 totius
567 1255 637 1314 anni
667 1255 807 1316 circulum
842 1267 1048 1335 congruentes
1068 1255 1175 1336 cuique

65 1347 224 1433 festivitati
244 1347 377 1408 distinete
397 1357 428 1406 et
446 1346 557 1426 absque
576 1348 653 1408 vitiis
673 1348 760 1410 nobis
781 1347 892 1408 obtulit
905 1347 1053 1410 lectiones.
1090 1349 1175 1424 Quas

67 1463 136 1500 rum
151 1441 281 1501 omniurn
302 1453 411 1502 textum
422 1453 529 1502 'nostra
541 1441 699 1524 sagacitate
711 1441 941 1522 perpendentes,
961 1452 1060 1502 nostra
1072 1443 1173 1502 eadem

66 1533 229 1594 volumina·
241 1535 417 1597 auctoritate
431 1534 667 1611 constabilimus,
688 1546 860 1617 vestraeque
872 1532 1013 1620 religioni
1024 1532 1055 1592 in
1066 1531 1174 1595 (ibristi

67 1627 218 1700 Ecclesias
237 1629 377 1692 tradimus
397 1629 434 1688 ad
453 1627 621 1710 legendum.
1152 1621 1155 1628 ’

514 528 521 536 ·
544 504 559 540 Ι

527 1841 726 1856 U-—t———n-q

548 2057 707 2142 xxxrx,
730 2113 734 2130 .
757 2006 761 2015 ’

453 2201 808 2281 Praelatio

471 2369 475 2381 Χ
519 2299 521 2302 ¹
616 2315 651 2368 in

156 2416 1096 2487 captentur-e,Aquturemenae

277 2511 330 2564 sive
348 2511 494 2582 Capitulal'e
510 2513 625 2582 primum
642 2511 704 2564 anni
721 2509 935 2563 DCCLXXth
947 2509 992 2578 ¹),
1025 2503 1030 2512 ’

129 2647 289 2729 Regnante
313 2646 447 2716 Domino
471 2656 576 2706 nostro
599 2645 683 2716 Jesn,
697 2645 817 2707 Christo
842 2645 874 2705 in
899 2657 1091 2728 perpetuum,
1120 2665 1198 2728 ego.

74 2740 210 2816 Karalus,
231 2741 324 2824 gratia
342 2739 402 2800 Dei
421 2739 542 2820 eiusque
560 2738 762 2799 misericordia
782 2739 929 2815 donante,
948 2739 1012 2800 Rex
1031 2752 1061 2800 et
1080 2750 1181 2800 rector

76 2835 160 2916 regni
179 2835 374 2910 Francorum,
395 2845 425 2894 et
444 2834 568 2897 devotus
587 2845 705 2894 sanctae
725 2832 784 2892 Dei
796 2833 946 2897 Ecclesiae
967 2833 1106 2894 defensor
1124 2832 1179 2892 bu-

74 2927 210 3010 milisque
230 2929 362 3002 adiutor,
393 2927 529 2986 omnibns
556 2926 767 2988 ecclesiasticae
787 2927 904 3007 pietatis
929 2927 1097 3004 ordinibus,
1127 2943 1180 2988 seu
1274 2949 1278 2958 ·

76 3023 213 3104 secularis
231 3017 383 3102 potentiae
404 3019 605 3102 dignitatibus,
623 3021 655 3078 in
667 3019 787 3080 Christo
799 3021 866 3080 Deo
880 3029 1001 3086 aeterno
1017 3032 1179 3099 perpetuae

76 3118 151 3194 pacis
171 3128 203 3178 et
223 3114 428 3190 beatitudinis,
453 3113 584 3174 salutem.
626 3112 825 3174 Considerans
844 3111 968 3192 pacifico
988 3111 1056 3190 piae
1074 3111 1181 3176 mentis

76 3207 194 3284 intuitu,
215 3230 273 3268 una
293 3229 359 3268 cum
371 3205 582 3269 Sacerdotibus
603 3205 826 3267 etConsiliariis
846 3204 964 3278 nostris,
983 3203 1181 3262 abundantem

76 3300 104 3361 iu
123 3323 181 3362 nos
201 3312 392 3380 nostrumque
413 3300 556 3380 populum
577 3299 688 3360 Christi
708 3299 797 3379 Regis
818 3294 1020 3368 clementiam,
1046 3305 1076 3353 et
1096 3315 1181 3375 quam

77 3393 274 3456 necessarium
301 3404 346 3453 est
368 3413 431 3451 non
451 3393 544 3452 solum
569 3404 635 3452 toto
657 3391 799 3450 eordeet
818 3408 871 3448 ore
891 3386 952 3446 eius
971 3386 1074 3466 pietati
1092 3409 1181 3472 agere

79 3491 183 3570 gratias
202 3488 400 3560 incessanter,
420 3483 471 3543 s'ed
491 3483 578 3544 etiam
597 3483 739 3544 continua
759 3481 906 3542 bonorum
926 3501 1050 3562 operum
1070 3483 1182 3545 exerci-

80 3581 189 3643 tatione
214 3580 275 3640 eius
294 3579 429 3638 insistere
450 3576 593 3654 laudibus,
613 3589 756 3658 quatenus
776 3577 827 3656 qui
845 3573 948 3637 nostro
968 3595 1063 3658 regno
1083 3588 1181 3638 tantos
1245 3591 1250 3598 '
1351 3591 1354 3598 ⁴

81 3675 208 3735 contarlit
231 3674 385 3748 honores,
408 3691 458 3736 sua
491 3671 679 3752 protectione
704 3691 759 3732 nos
784 3682 976 3748 nostrumque
1000 3689 1125 3752 regnum
1149 3671 1181 3732 in
1227 3725 1229 3730 .

39 3791 41 3798 ,
83 3778 231 3828 aeternum
252 3785 426 3828 conservare
446 3765 592 3848 dignetur.
624 3767 818 3846 Quapropter
836 3763 947 3844 placuit
956 3762 1043 3824 nobis
1057 3777 1181 3826 vestram

83 3879 186 3942 rogare
211 3860 378 3936 solertiam,
411 3879 430 3928 o
456 3857 592 3922 Pastores
619 3859 817 3920 Ecclesiarurn
844 3856 953 3916 Christi
989 3869 1020 3918 et
1045 3858 1181 3920 ductores

85 3955 178 4037 gregis
198 3957 260 4016 eius
280 3966 311 4015 et
329 3953 485 4016 clarissima
504 3953 607 4013 mundi
620 3951 788 4027 luminaria,
807 3961 841 4012 ut
853 3950 934 4032 vigili
951 3973 1019 4014 cura
1041 3963 1071 4013 et
1082 3948 1182 4011 sedula

86 4045 285 4110 admonitione
304 4047 446 4128 populum
461 4047 521 4106 Dei
540 4067 595 4128 per
613 4065 720 4125 pascua
738 4045 815 4108 ritae
835 4057 972 4106 aeternae
993 4045 1107 4104 ducere
1119 4051 1180 4100 stu-

18 4171 19 4192 l
87 4135 183 4220 dentis,
202 4154 232 4204 et
251 4153 381 4204 errantes
402 4161 481 4218 oves,
500 4141 649 4202 bonorum
669 4159 792 4218 operum
813 4138 957 4222 exemplo,
975 4156 1027 4198 seu
1044 4131 1181 4194 adhorta-

18 4357 21 4440 i
125 4387 147 4438 ¹)
165 4387 298 4444 Walter,
316 4387 349 4434 11.
361 4402 386 4445 p.
401 4387 440 4433 66.
467 4323 1031 4440 Sirmxrd,osedl,Gau,Tom,ll.p.129.
1059 4373 1180 4431 Bolus,

18 4447 20 4492 ἶ
46 4467 53 4494 e
92 4447 161 4509 stell.
178 4455 440 4514 Tora.1,·p.202n1.
466 4450 617 4510 narrata,
638 4449 725 4500 M.
747 4452 818 4500 Τοι.
833 4449 875 4504 tv,
893 4461 920 4504 p.
932 4447 977 4492 825
991 4457 1028 4502 sq.
