2890 5092
636 418 723 492 als

275 576 314 636 Et
333 575 443 636 maiora
464 583 559 654 putat,
579 572 665 654 fingit
684 573 741 634 sibi
761 575 885 650 somnia,
908 574 995 656 lingit

200 673 259 732 200
278 669 470 751 'sangerese
488 668 638 742 iuvenem,
655 668 713 728 visa
735 679 778 730 est
797 669 853 732 sibi
873 669 997 750 iungere
1018 661 1125 750 corpus

276 760 408 842 Corpori
429 773 459 820 et
479 759 606 834 erubuit,
625 761 800 840 tandemque
821 762 861 822 ita
881 773 981 842 mente
1002 763 1151 842 profatur:

311 858 426 928 Emma,
445 854 516 932 quid
537 852 600 928 est?
621 875 673 912 eur
693 865 775 934 grata
794 855 850 916 viri
869 855 999 916 saltantis
1020 856 1118 937 imago
1140 857 1201 916 est?

273 949 337 1009 Nec
358 967 495 1027 concessa
515 945 643 1026 probas?
664 968 715 1006 cur
734 945 806 1026 haec
825 949 880 1008 tibi
900 950 1023 1010 foedera
1044 949 1163 1010 demens

272 1041 435 1116 Promittis,
454 1040 600 1121 gestisque
620 1039 678 1101 frui
698 1052 757 1100 tam
778 1041 892 1121 dispare
911 1042 1009 1102 lecto?

147 1137 152 1144 ”
195 1141 254 1202 atta
272 1137 356 1214 Num
371 1134 510 1216 parjbuic
531 1133 663 1212 diadema
682 1145 752 1195 toro
773 1133 835 1216 est?
856 1156 925 1194 uum
945 1147 1025 1198 tanta
1046 1148 1175 1217 potestas

250 1226 447 1310 ,Contempti
466 1227 617 1306 scriptoris
638 1227 715 1292 erit?
733 1229 757 1288 si
775 1227 835 1298 filia
855 1227 955 1310 magni

272 1321 341 1382 Non
362 1343 453 1386 essem
475 1319 588 1396 Caroli,
607 1341 815 1400 possem‘non.
827 1341 915 1403 aegra
934 1321 1036 1402 potiri.

272 1415 357 1494 Nuqc
379 1415 446 1496 quia
464 1435 540 1494 sum,
558 1413 672 1492 iuvenis
692 1435 755 1473 non
776 1424 822 1484 est
837 1435 930 1491 meus,
944 1415 1071 1494 *ipsaque
1091 1416 1197 1476 damno

270 1509 324 1568 Est
343 1509 414 1568 mibi
434 1509 578 1584 maiestas,
598 1507 715 1587 plebeia
737 1507 854 1568 beatior
874 1529 977 1584 essem,
1018 1557 1021 1566 ,
1049 1509 1059 1542 ²
1141 1585 1143 1593 Ι

194 1607 252 1667 210
270 1603 311 1662 Et
331 1602 446 1662 iruercr
464 1603 541 1662 votis
562 1599 639 1662 felix.
680 1601 779 1676 Quam
799 1595 920 1662 uomina
938 1601 1048 1682 uellem

235 1735 237 1740 -
269 1694 382 1772 Mutari
398 1715 463 1770 mea
482 1715 570 1774 posse
589 1694 674 1756 mihi!
694 1717 784 1776 quam
803 1707 954 1761 stemmata
973 1694 1080 1770 vellem

269 1790 341 1848 Esse
361 1783 477 1860 minora
495 1787 578 1864 mibi,
598 1799 648 1848 aut
667 1789 767 1850 lumen
787 1787 977 1870 praelustrius
996 1785 1053 1847 illi!
1128 1827 1131 1832 -

269 1883 367 1956 Tunc,
386 1881 547 1963 Egiuarde,
567 1871 619 1958 tu'o
641 1894 775 1961 poteram
794 1903 884 1942 nurus
905 1901 967 1942 esse
988 1883 1113 1962 parenti,

269 1977 367 2050 Tunc,
386 1976 547 2055 Eginarde,
565 1995 634 2046 meo
654 1987 773 2056 poteras
792 1996 884 2058 gener
900 1975 968 2036 *esse
989 1977 1113 2054 parenti.

139 2079 143 2088 “
193 2075 251 2134 215
272 2069 380 2128 Omnia
401 2081 471 2144 tunc
492 2088 630 2146 cuperem
649 2067 714 2127 beri
734 2069 900 2130 eommunia
920 2070 1018 2144 nobis,

272 2161 440 2242 Osculaque
462 2173 493 2222 et
511 2161 590 2220 lusus
610 2171 641 2220 et
661 2181 734 2238 quae
755 2173 911 2238 sperantur
930 2164 1047 2224 amanti.

180 2263 184 2272 '
265 2258 338 2318 Nou
358 2267 457 2319 tamen
476 2255 524 2330 hic
544 2265 648 2314 nostro
670 2254 705 2314 de
727 2252 820 2312 corde·
837 2253 989 2336 fugabitur
1009 2256 1095 2336 ig'nis.
1194 2317 1196 2322 ,

267 2351 350 2409 Uror
369 2371 471 2424 amore
490 2349 544 2424 tui,
564 2368 664 2408 causas
685 2345 861 2424 circumfero
881 2367 1007 2424 mecum,
1042 2413 1063 2424 Ι,

268 2443 308 2500 Et
327 2441 417 2502 veluti
438 2443 565 2502 candens
585 2440 711 2502 Phoebo
732 2451 872 2522 surgente
892 2440 997 2520 pruina

194 2541 252 2599 tao
272 2535 414 2608 Solvitur,
433 2555 523 2616 aegra
543 2533 599 2592 tuis
618 2533 727 2593 sensim
746 2533 867 2594 tabesco
887 2533 1001 2608 favillis,

268 2629 488 2708 Attenuorque,
507 2628 593 2708 vigor
613 2626 716 2688 solitus
736 2625 873 2705 viresque
893 2627 1042 2698 fatiscunt,

265 2722 344 2780 Dum
364 2722 491 2784 secunda
511 2741 578 2780 meo
600 2721 724 2800 praebes
745 2719 884 2785 alimenta
903 2719 1006 2783 furori.

268 2815 350 2888 Quid
370 2813 492 2892 faciam?
512 2835 613 2896 roger,
632 2835 710 2876 anne
729 2813 855 2896 rogem?
874 2812 900 2874 si
916 2813 1028 2895 primus
1046 2831 1170 2900 ornares,

267 2907 389 2966 Possem
408 2918 486 2969 casta
505 2907 600 2986 sequi,
620 2907 810 2986 flammasque
829 2907 997 2985 rependere
1014 2906 1137 2981 flammis

192 3003 250 3065 225
269 3000 404 3060 Etvotis
423 3021 516 3078 aequa
537 3019 599 3059 esse
619 2999 687 3060 tuis:
709 2999 752 3058 nil
771 2999 830 3058 tale
849 3011 1001 3076 petentem

265 3091 431 3176 Aggrediar
451 3092 554 3173 prior?
576 3103 606 3152 et
625 3113 755 3172 poscam,
777 3111 853 3170 qnae
872 3086 997 3169 poscere
1016 3089 1059 3152 sas
1079 3092 1119 3150 sit

268 3188 314 3246 Te
334 3186 451 3266 potius?
472 3185 624 3266 poterisne
644 3185 738 3265 loqui,
759 3181 910 3265 poterisne
932 3182 1029 3256 lateri,

265 3281 380 3354 Emma,
399 3279 498 3340 faces?
515 3302 580 3341 uon
599 3279 650 3340 illa
671 3279 801 3359 placent,
822 3275 1021 3336 confunderet
1040 3275 1166 3338 horrens

270 3372 332 3432 Ora
352 3373 465 3451 pudor,
486 3372 596 3452 potius,
616 3392 691 3450 quae
712 3369 809 3428 nescit·
824 3380 904 3428 muta
924 3368 1054 3448 pudere„

195 3473 252 3534 230
272 3466 371 3526 Litera
390 3476 505 3526 secreto
526 3465 613 3544 fallax
633 3475 803 3544 praecurrat
823 3462 925 3524 amori.
980 3535 990 3546 ,v

269 3560 319 3619 Sic
339 3559 396 3619 ubi
410 3559 616 3639 Demophoon
635 3557 729 3618 ventis
750 3555 895 3636 promissa
916 3555 1051 3630 dedisset,

176 3705 178 3710 .
267 3653 327 3713 Per
344 3674 437 3728 mare,
454 3674 509 3733 per
528 3665 620 3712 terras
639 3661 763 3710 testatur
784 3650 907 3730 epistola
928 3649 1046 3710 luctum·

268 3743 555 3830 Phyllidis,.absenti
574 3744 691 3826 scripsit
710 3743 816 3804 Briseis
833 3743 953 3818 Achilli,
991 3769 994 3776 ⁴
1055 3773 1059 3782 ·

269 3840 389 3922 Pegasis
410 3841 539 3918 Oenone
559 3839 669 3914 Paridi,
686 3835 793 3918 regalis
814 3835 914 3895 Oresti

176 3939 252 4000 Ι235
271 3934 445 4009 Hermione,
465 3945 495 3994 et
514 3933 638 4014 pulchro
660 3931 782 4009 Sappho
804 3929 907 3990 lasciva
928 3927 1053 3990 Phaoni.

270 4027 353 4088 Haec
373 4028 461 4088 etiam
482 4038 600 4086 nostrae
619 4024 704 4086 sedit‘
713 4023 858 4082 sententia
877 4023 978 4083 menti.

187 4163 194 4170 -
271 4119 344 4178 Arte
364 4141 441 4182 nova
461 4120 631 4200 prodendus
652 4137 745 4194 amor,
766 4137 827 4176 uon
849 4115 971 4196 eloquar
990 4114 1080 4176 audax

272 4211 375 4286 Seusa,
395 4233 449 4292 per
469 4212 606 4292 ambages
625 4209 687 4286 ibo,
706 4208 843 4290 lletisque
864 4211 968 4272 dolose
1020 4210 1023 4217 '

142 4383 146 4390 .
272 4305 435 4364 Fraudibus
456 4304 591 4384 ignarum
612 4303 784 4386 aggrediar,
804 4301 949 4365 concessit
968 4297 1076 4358 amanti

194 4404 254 4463 ato
271 4398 364 4460 Multa
384 4399 496 4474 Venus,
515 4397 701 4478 prudensque
722 4409 802 4458 caret
821 4393 966 4456 simulatio
987 4391 1079 4486 culpa.
