2908 5094
144 423 151 453 l

545 464 636 538 ,97

12 649 13 659 ¹
119 619 198 680 xvl.
238 599 380 704 Volumus
404 628 438 676 ut
462 617 602 698 quicquid
626 640 680 680 nos
699 630 750 680 aut
768 619 872 702 regina
892 619 1049 702 unicquue
1068 624 1158 688 iuddci

63 713 312 787 ordinaverimus,
332 723 383 771 aut
406 711 610 774 ministeriales
628 713 736 788 nostri,
759 713 935 776 sinescalcus
960 728 990 777 et
1014 717 1158 780 buticula-

60 809 118 868 rius
138 808 174 868 de
194 805 287 868 verbo
307 816 413 864 nostro
435 815 486 862 aut
502 805 640 886 reginae,
660 806 727 884 ipsis
744 805 889 868 iudicibus
910 810 1104 888 ordinaverit,
1119 793 1159 872 'ad

60 902 220 962 eorundem
239 899 380 980 placitum
400 896 475 956 sicut
494 897 534 958 eis
553 897 717 958 institutum
735 898 832 975 inerit,
850 901 1004 984 impletum
1023 903 1162 980 habeant,

61 1006 90 1056 et
115 993 285 1074 quicunque
310 1011 366 1072 per
388 989 599 1072 negligentiam
627 990 783 1065 dimiserit,
812 1013 827 1052 a
851 1007 926 1074 potu
951 1017 982 1057 se
1008 996 1162 1074 abstineat,

62 1099 216 1167 postquam
237 1086 266 1145 ei
291 1083 456 1144 nuntiatum
482 1083 586 1159 luerit,
615 1083 779 1163 usquedum
807 1084 838 1143 in
867 1090 1031 1170 praesquIa
1060 1102 1163 1152 nostra

60 1193 107 1240 aut
126 1180 252 1264 reginae
271 1177 384 1252 veniat,
404 1187 434 1236 et
453 1197 471 1236 a
489 1176 576 1238 uobis
601 1176 750 1238 licentiam
772 1189 893 1255 quaerat
917 1180 1103 1260 absolvendi,
1133 1195 1165 1244 et

59 1276 82 1335 si
101 1275 192 1334 iudex
210 1273 242 1331 in
271 1271 398 1332 exercitu
423 1270 527 1329 autin
550 1283 672 1346 wacta,
686 1291 737 1330 seu
761 1269 793 1328 in
819 1267 978 1333 ambasiato
1001 1276 1049 1336 vel
1073 1277 1164 1338 aliubi

59 1366 162 1441 suerit,
182 1377 213 1425 et
230 1363 393 1424 iunioribus
414 1363 474 1424 eius
492 1362 606 1443 aliquid
632 1363 798 1424 ordinatum
824 1363 930 1438 fuerit,
955 1377 984 1424 et
1008 1389 1070 1428 non
1091 1391 1165 1430 con-

59 1458 239 1540 placuerint,
257 1470 327 1518 tnnc
346 1457 402 1538 ipsi
422 1456 572 1537 pedestres
599 1457 635 1516 ad
662 1456 802 1536 palatium
826 1457 962 1534 veniant,
996 1471 1025 1518 et
1049 1475 1165 1543 a-potu

61 1565 91 1612 et
111 1573 200 1613 carne
220 1573 250 1612 se
271 1551 446 1612 abstineant.
485 1550 608 1610 Interim
629 1551 710 1630 quod
722 1549 851 1610 rationes
868 1549 1023 1628 deducant,
1043 1566 1166 1633 propter

61 1646 141 1725 qnod
162 1647 221 1720 hoc
240 1644 412 1704 dimiserunt
432 1654 463 1702 et
480 1655 551 1704 tnnc
570 1644 715 1724 recipiant
733 1643 927 1721 sententiam,
947 1657 997 1706 aut
1015 1645 1047 1705 in
1067 1645 1168 1724 dorso,

62 1751 110 1800 aut
130 1739 285 1818 quomodo
305 1735 391 1796 nohis
411 1737 458 1797 vel
477 1737 597 1818 reginae
618 1737 771 1818 placuerit.

115 1833 224 1892 XVIIr
258 1831 509 1909 Quantascunque
533 1829 615 1890 villas
640 1829 840 1912 uuusquisque
866 1832 896 1891 in
922 1833 1087 1895 ministerio
1114 1834 1168 1894 ha-

61 1925 174 2000 buerit,
200 1937 298 1984 tantos
323 1924 434 1984 habeat
457 1924 612 2004 deputatos
638 1924 865 2004 homines„'qui
890 1946 960 2007 apes
979 1928 1015 1988 ad
1035 1940 1168 1990 nostrum

59 2037 136 2096 opus
156 2017 356 2094 praevideant.
670 2039 673 2048 ·

11 2145 16 2166 .
117 2109 234 2168 XVIII.
273 2105 317 2167 Ut
335 2109 372 2168 ad
393 2107 585 2186 farinariosl)
605 2120 722 2170 nostros
742 2110 838 2190 pullos
850 2124 880 2174 et
893 2115 1021 2192 aucas²)
1040 2111 1169 2174 habeant

62 2204 141 2264 iuxta
163 2202 332 2282 qualitatem
352 2199 496 2274 farinarii,
517 2198 563 2260 vel
584 2191 723 2278 quantum
742 2201 844 2264 melius
864 2201 1024 2283 potuerint

118 2297 201 2354 XIX.
239 2295 287 2354 Ad
307 2313 404 2354 scuras
419 2294 451 2369 ¹¹)
470 2304 585 2352 nostras
606 2291 638 2350 in
658 2291 733 2352 villis
746 2293 904 2371 capitaneis
916 2297 1013 2374 pullos
1030 2298 1169 2374 habeant,

61 2411 127 2450 non
147 2389 243 2447 minus
262 2387 299 2462 C,
319 2399 349 2446 et
369 2407 454 2446 aucas
474 2405 536 2446 non
550 2385 651 2446 minus
674 2383 768 2461 XXX,
788 2386 825 2445 ad
843 2387 1073 2465 mansioniles⁴)
1096 2410 1169 2463 vero

62 2481 165 2562 pullos
185 2479 313 2538 habeant
331 2499 393 2538 nou
412 2477 507 2538 minus
526 2477 562 2553 L,
582 2497 668 2538 aucas
688 2499 751 2536 nou
770 2478 866 2539 minus
887 2499 974 2559 quam
993 2481 1062 2540 XII.

120 2573 187 2632 XX.
227 2571 433 2650 Unusquisque
464 2569 550 2630 iudex
581 2571 676 2631 sructa
706 2591 823 2652 semper
851 2572 1057 2634 habundanter
1081 2574 1170 2636 saciat

66 2665 145 2727 omni
166 2683 247 2724 anno
267 2665 303 2724 ad
323 2665 477 2739 curtem⁵)
497 2663 614 2738 venire,
646 2676 768 2744 excepto
793 2665 974 2728 visitationes
994 2688 1097 2728 eorum
1116 2689 1171 2748 per

65 2760 141 2821 vices
160 2769 232 2832 tres,
251 2769 301 2816 aut
321 2769 460 2838 quattuor
479 2775 532 2816 seu
552 2757 677 2838 amplius
697 2757 834 2841 dirigant
914 2833 917 2838 Ι

119 2851 202 2911 ΧΧΙ.
233 2851 377 2912 ’Υἱνπὶοε
396 2851 429 2909 in
449 2849 537 2910 curtis
557 2850 664 2910 nostris
689 2853 888 2932 unusquisque
907 2853 993 2914 iudex
1012 2854 1064 2914 ubi
1083 2866 1170 2917 antea

67 2946 187 3006 luerunt
205 2943 325 3020 habeat,
358 2954 388 3002 et
412 2943 436 3002 si
456 2941 558 3024 augeri
576 2955 689 3020 potest,
718 2957 840 3026 augeat,
866 2957 896 3006 et
920 2945 972 3006 ubi
997 2960 1082 3010 antea
1107 2969 1171 3010 non

68 3040 196 3113 luerunt,
217 3050 246 3098 et
265 3037 356 3096 modo
376 3055 437 3096 esse
457 3045 591 3116 possunt,
610 3035 727 3097 noviter
745 3037 826 3098 fiant
1104 3091 1108 3096 .

100 3141 104 3150 '
122 3133 222 3193 XXII.
262 3127 399 3190 Coronas
420 3129 456 3188 de
476 3126 640 3206 racemisl)
660 3128 709 3206 qui
727 3129 827 3190 vineas
846 3130 1014 3207 habuerint,
1033 3151 1096 3192 non
1114 3132 1171 3191 mi-

69 3247 118 3287 nus
138 3239 201 3286 tres
220 3235 271 3284 aut
290 3234 418 3302 quatuor
435 3221 573 3282 habeant.
660 3217 662 3222 ’

121 3317 240 3378 XXIII.
279 3317 315 3374 In
342 3335 517 3393 unaquaque
545 3312 613 3374 villa
637 3326 738 3374 nostra
762 3313 892 3374 habeant
915 3313 1042 3390 iudices,
1070 3335 1172 3378 vacca·

70 3413 165 3488 ritias,
197 3407 387 3489 porcaritias,
418 3405 636 3477 berbicaritias,
667 3404 850 3482 capraritias,
875 3405 1051 3483 hircaritias,
1076 3429 1172 3488 quan·
1263 3479 1270 3494 ἱ

71 3516 130 3565 tum
164 3503 232 3585 plus
264 3499 434 3582 potuerint,
465 3509 495 3558 et
519 3495 684 3556 nullatenus
714 3497 778 3557 sine
803 3497 860 3558 hoc
886 3519 948 3559 esse
981 3499 1107 3578 debent,
1141 3516 1172 3564 et

10 3643 11 3652 ,
72 3598 191 3678 insuper
212 3596 341 3656 habeant
358 3612 460 3654 vaccas
486 3591 523 3651 ad
550 3589 668 3650 illorum
688 3589 836 3652 servitium
857 3592 1068 3672 perficiendum
1088 3616 1171 3658 com-

10 3759 11 3764 ,
72 3693 220 3752 mendatas
232 3709 287 3770 per
306 3705 406 3748 servos
425 3696 554 3760 nostros,
574 3683 699 3763 qualiter
718 3705 774 3764 pro
794 3686 914 3747 servitio
931 3685 972 3746 'ad
991 3685 1171 3750 dominicum

75 3803 146 3864 opus
172 3780 341 3844 vaccaritias
367 3777 414 3841 rel
434 3779 607 3856 carrucasl)
631 3776 715 3836 nullo
740 3778 831 3838 modo
855 3779 1017 3839 minoratae
1041 3779 1113 3856 sint,
1142 3792 1173 3842 et

10 3887 11 3892 ’
73 3877 201 3938 habeant
224 3874 342 3956 quando
368 3870 523 3934 servierint
547 3870 584 3930 ad
608 3889 694 3930 canes
718 3871 861 3948 dandum,
890 3871 982 3934 boves
1006 3871 1173 3954 cloppos⁸)

74 3989 136 4030 non
154 3969 320 4051 languidos,
340 3977 370 4027 et
388 3987 489 4029 vaccas
513 3963 575 4027 sive
589 3963 744 4040 caballos,
768 3983 830 4028 nou
854 3963 1017 4043 scabiosos,
1041 3977 1092 4026 aut
1117 3964 1172 4025 alia
1224 3995 1228 4007 »

49 4171 51 4177 ’
117 4189 138 4240 1)
152 4187 258 4232 muron.
285 4212 311 4223 -
338 4185 460 4238 arcun.
486 4211 511 4222 -
540 4185 563 4237 s)
579 4181 690 4228 sueno.
717 4209 742 4218 -
769 4185 791 4236 ⁴)
804 4183 960 4244 remansuras.

20 4279 25 4290 s
114 4257 136 4307 ⁵)
150 4253 366 4298 winterhattstrof.
967 4252 969 4264 '

10 4345 11 4350 =
115 4321 137 4372 θ)
150 4321 185 4376 It.¹
196 4319 221 4364 h.
236 4319 371 4364 uffantttete
386 4317 515 4372 salsentur,
529 4329 566 4360 vvo
579 4315 673 4360 ttrtnze
685 4319 849 4378 eutgehangen
862 4317 965 4368 werden,
982 4309 1034 4382 wi·¹
1042 4311 1102 4356 noclt
1116 4311 1173 4361 hau·

80 4385 136 4444 tigne
149 4387 227 4446 Tages
240 4386 265 4430 in
278 4385 379 4443 Secmcp
392 4385 435 4430 der
446 4385 499 4427 ltalt
511 4383 548 4428 ist.

35 4511 36 4514 Ἴ
117 4453 138 4504 l)
152 4452 243 4514 efluge.
269 4477 294 4488 -
321 4452 431 4508 θιὼ,
445 4451 677 4500 abernichtkratnlr.

872 4513 942 4599 [s]
