2890 5092
458 399 464 416 .
516 415 520 420 ,
567 417 714 524 mg,

68 599 152 654 unus
177 589 258 676 Dens
284 598 314 650 et
337 605 438 669 verus,
462 580 595 664 perlecta
620 582 765 657 Trinitas,
792 557 1179 674 ammoneremus,

70 695 193 764 creator
212 682 342 744 omnium
362 679 517 740 bonorum
538 687 715 738 nostrorum.
762 673 884 736 Credite
908 675 1016 749 Filium
1039 647 1111 736 Dei
1107 697 1179 758 pro
1231 693 1234 700 ·

69 757 175 839 salute
187 776 289 839 mundi
307 773 458 839 hominem
479 772 717 847 lactum,nat1nn'
737 769 773 828 de
794 768 908 848 Spiritu
929 768 1040 828 Sancto
1061 779 1091 828 et
1109 769 1179 828 Vir-

70 871 148 968 gine
168 871 269 929 Maria.
310 865 432 927 Credite
452 865 532 943 quod
551 883 607 947 pro
627 873 729 922 nostra
749 862 840 922 salute
860 875 988 924 mortem
1007 883 1106 944 passus
1127 875 1181 940 est,

30 953 33 960 ’
70 975 103 1024 et
124 963 214 1022 tertia
235 963 283 1023 die
303 958 426 1022 surrexit
446 978 462 1018 a
480 956 615 1032 mortuis,
635 953 807 1040 aseenditin
824 955 937 1041 coelos,
954 955 1038 1016 sedet
1054 955 1092 1016 ad
1111 955 1180 1016 dex-

69 1069 151 1116 tram
170 1055 238 1116 Dei
288 1051 412 1116 Credite
436 1071 503 1112 etun
527 1061 683 1128 venturum
702 1048 740 1124 ad
759 1029 976 1111 iudicandos
947 1069 1030 1140 vrvos
1051 1059 1082 1108 et
1100 1069 1180 1108 mor-

69 1162 160 1224 tuos,
189 1161 220 1210 et
237 1159 313 1206 tunc
327 1145 432 1208 reddet
456 1143 613 1224 unicuique
639 1141 800 1204 secundum
824 1161 915 1220 opera
940 1164 999 1204 sua.
1058 1139 1181 1202 Credite

68 1263 164 1302 unam
185 1240 357 1316 Ecclesiam,
375 1239 406 1298 id
427 1251 480 1314 est,
500 1235 765 1320 congregationem
785 1232 934 1293 bonorum
955 1235 1108 1294 hominum
1127 1253 1182 1314 per
1205 1227 1210 1248 ¹

68 1348 173 1396 toturn
195 1333 300 1393 orbem
316 1344 421 1392 terrae.
454 1333 495 1390 Et
513 1331 619 1398 scitote
640 1329 707 1408 quia
717 1327 763 1388 illi
781 1326 838 1387 soli
857 1326 929 1390 salvi
948 1346 1009 1387 esse
1030 1339 1182 1408 poterunt,
1283 1367 1285 1377 ,

68 1441 102 1488 et
124 1427 171 1486 illi
191 1425 247 1489 soli
266 1426 303 1487 ad
321 1445 445 1508 regnurn
464 1424 524 1484 Dei
543 1409 709 1504 pertinent,
735 1421 786 1502 qui
806 1413 838 1482 in
863 1420 945 1482 istius
965 1420 1114 1482 Ecclesiae
1134 1440 1181 1482 se-

70 1521 116 1580 dis
140 1523 171 1580 dt
191 1516 399 1580 commodiore
420 1529 450 1580 et
469 1517 591 1580 caritate
610 1526 809 1597 perseverant.

184 2253 186 2258 g
245 2181 474 2250 ocrrturm
489 2053 714 2236 miriddlm
731 2178 827 2236 anm
843 2178 1016 2236 nocem
1040 2151 1048 2162 '

202 2284 254 2336 sive
277 2283 326 2336 alia
348 2284 460 2354 capitula
478 2284 537 2336 data
554 2282 640 2336 Miaaia
657 2279 817 2344 Dominicis,
834 2281 927 2332 eodem
945 2300 1015 2332 anuo
1029 2281 1063 2348 ¹).

132 2419 161 2478 Ι.
199 2417 246 2476 De
266 2398 418 2490 adelinia,
437 2416 635 2478 iusiurandum
656 2427 689 2474 ut
709 2425 811 2476 omnes
831 2379 1063 2493 repromittant

133 2509 177 2568 ΙΙ.
216 2509 264 2568 De
283 2507 438 2588 Episcopis
464 2521 495 2570 et
512 2509 632 2590 reliquis
653 2506 927 2583 Sacerdotibus,
904 2527 928 2566 sr
939 2499 1116 2584 ‘secundum
1137 2523 1185 2564 ca-

74 2603 218 2670 nonicam
237 2601 450 2662 institutionem
469 2603 583 2679 vivant,
613 2615 643 2664 et
672 2603 696 2664 si
722 2619 850 2662 canones
870 2599 948 2661 bene
968 2575 1137 2682 intelligant
1156 2599 1203 2657 et‘
1278 2603 1286 2612 “
1312 2588 1318 2601 ’

76 2697 267 2776 adimpleant.

134 2789 193 2848 III.
226 2789 279 2848 De
288 2787 486 2864 -Abbatibus,
510 2801 608 2848 utrum
634 2787 794 2849 secundum
819 2789 960 2870 regulam·
979 2811 1016 2852 an
1043 2793 1209 2853 canonice·
1314 2783 1317 2790 ’

76 2883 188 2962 vivant,
198 2882 239 2942 et
257 2903 282 2940 sr
273 2880 431 2964 regulam
448 2883 501 2941 'aut
520 2903 648 2944 canones
668 2881 746 2943 bene
764 2881 941 2965 intelligant.

64 2987 68 2995 “
133 2977 189 3035 IV.
207 3045 209 3052 Ι
227 2975 277 3035 De
296 2973 481 3040 monasteriis
500 2974 631 3034 virorum
649 2975 702 3036 ubi
720 2977 862 3036 Monachi
881 2991 960 3054 sunt,
983 2979 1007 3038 si
1026 2979 1185 3038 secundum

78 3069 212 3151 regulam
231 3068 340 3144 vivant,
359 3067 411 3126 ubi
431 3066 572 3148 promissa
593 3077 646 3128 est.
676 3079 682 3092 ’
1172 3057 1181 3066 “

132 3163 171 3221 V.
211 3161 259 3222 De
279 3160 462 3222 monasteriis
482 3160 661 3242 puellarum,
687 3173 785 3222 uuum
811 3163 971 3223 secundum
998 3151 1130 3246 regulam
1150 3183 1186 3222 an

18 3247 21 3258 ’
81 3255 227 3316 canonice
246 3256 356 3329 vivant,
377 3267 407 3314 et
426 3253 463 3316 de
484 3254 615 3315 claustris
636 3275 744 3316 earum.
807 3321 809 3324 ,
896 3277 897 3280 ’

134 3347 205 3409 VI:
231 3346 279 3408 De
299 3347 414 3428 legibus
434 3347 597 3408 mundanis.

124 3437 210 3506 ‚VIL
250 3439 298 3500 De
319 3439 464 3520 periuriis.

135 3535 225 3604 vm.
263 3533 311 3594 De
331 3531 505 3594 homicidiis.

136 3627 192 3688 IX.
229 3625 278 3686 De
299 3627 449 3688 adulteriis
470 3637 500 3686 et
519 3611 638 3686 inlicitis
658 3626 750 3688 causis
771 3628 957 3709 perpetratis,
976 3641 1036 3690 tam
1049 3649 1103 3710 per
1123 3630 1189 3711 epi-

82 3721 183 3801 scopia
204 3732 234 3781 et
252 3721 429 3782 monasteria
447 3720 577 3782 virorum
598 3730 628 3780 et
646 3721 819 3806 puellarum,
840 3743 985 3802 quamque
1005 3723 1083 3784 inter
1103 3745 1188 3786 secu-

72 3810 157 3874 ·larea
178 3815 322 3876 homines.
1229 3863 1233 3880 .

54 3987 58 3995 ¹
140 3909 176 3969 X.
214 3907 263 3968 De
282 3907 340 3967 illis
359 3906 527 3988 homipibus
548 3907 598 3986 qui
617 3920 717 3970 nostra
741 3907 887 3969 beneficia
911 3909 1023 3970 habent
1043 3911 1189 3971 destructa

88 4009 117 4057 et
135 4001 236 4063 alodes
257 4021 359 4062 eorum
379 4011 565 4062 restauratos.
605 4000 748 4064 Similiter
767 4014 798 4063 et
818 4003 855 4072 dc
874 4003 962 4064 rebus
980 4002 1188 4064 Ecclesiarmn.

141 4095 195 4164 XI.
233 4095 281 4154 De
301 4092 357 4154 illis
378 4091 541 4154 Senonibus
568 4094 618 4174 qui
645 4093 789 4178 beneficia
814 4109 915 4158 nostra
941 4098 973 4158 in
992 4093 1116 4158 Francia
1135 4093 1189 4154 ba·
1265 4104 1271 4184 ¹.

88 4180 168 4263 beat,
188 4185 339 4268 quomodo
360 4197 410 4246 aut
430 4188 555 4268 qualiter
574 4187 703 4250 habeant
724 4192 915 4255 contradicta.

130 4435 150 4485 ¹)
166 4433 298 4494 Walter,
316 4438 346 4496 ΙΙ,
363 4451 387 4494 p.
405 4441 535 4484 roo-171.
599 4434 603 4442 ’
