2960 5094
690 359 701 388 '
790 373 819 444 ⁸

258 533 357 598 dilexit
374 531 574 596 inomnibus:
593 529 643 592 nr
659 541 760 614 xsaislep
778 541 813 596 ιι
830 527 963 590 ancilium
982 547 1015 608 sp
1034 527 1173 590 ιιιίιιιιῑι,
1212 525 1270 588 1110
1289 537 1351 588 ete-

256 627 319 688 nim
339 638 472 709 tempore
492 627 528 688 de
547 624 655 688 scrinio
680 645 750 704 suo,
780 625 860 705 quod
884 623 962 712 cirea
981 643 1012 686 se
1031 623 1148 700 habuit,
1167 622 1269 702 ¹alique
1288 639 1354 680 rara

257 721 394 784 clenodia
413 720 506 782 edidit
525 721 561 782 de
584 719 696 796 scrico,
726 730 757 780 et
779 718 816 778 ad
839 717 1026 780 rendendum
1045 717 1083 778 ad
1101 717 1249 780 civitatem
1266 713 1356 788 misit,

257 823 288 876 et
307 813 338 874 in
358 813 524 876 huiusmodi
542 813 630 876 filiam
649 812 737 877 villici
758 812 891 888 edocuit,
908 813 987 874 unde
1006 832 1037 872 se
1055 809 1206 873 humiliter
1223 806 1357 890 nutriuit,

258 918 289 970 et
306 907 434 988 pretium
455 897 645 989 expensarum
664 905 760 968 soluit.
804 905 926 968 Interim
951 906 988 966 de
1007 905 1120 968 filiabus
1139 905 1200 966 una'
1218 901 1355 966 consilia-

257 1021 359 1064 torum
378 1001 443 1084 regi
463 1001 632 1082 copulatur,
657 1021 691 1062 ac
710 1000 735 1062 si
753 999 791 1060 sit
808 997 868 1058 filia
886 999 965 1082 regis
986 999 1183 1074 Theudorici,
1206 997 1286 1060 unde
1304 1015 1357 1056 rex

201 1170 207 1182 Ι
258 1095 363 1178 genuit
387 1093 463 1156 lilios
490 1105 521 1154 et
546 1093 625 1156 filias.
669 1093 778 1154 Postea
802 1091 908 1154 accidit
931 1105 963 1154 ut
987 1093 1130 1175 Pippinus
1156 1093 1235 1156 cirea
1259 1102 1357 1173 partes

160 1181 163 1194 '
258 1187 322 1250 illas
341 1187 513 1265 venaretur,
543 1187 594 1250 ubi
613 1187 691 1248 idem
709 1185 939 1248 molendinarius
956 1187 1074 1249 resedit
1119 1187 1195 1250 Cum
1213 1206 1287 1248 vero
1307 1205 1360 1244 rex

259 1281 404 1346 deviasset
423 1301 441 1342 a
459 1279 527 1356 suis,
546 1291 577 1340 et
595 1278 675 1340 solus
694 1289 784 1354 esset,
803 1300 872 1340 easu
888 1281 967 1344 circa
986 1292 1106 1344 noctem
1122 1281 1162 1342 ad
1182 1277 1359 1342 dommn‘il-

226 1449 230 1461 Ι
259 1373 315 1436 lius
334 1375 430 1450 venit,
454 1372 594 1453 et›·petiit
611 1371 786 1452 hospitiumt
818 1374 869 1452 qui
887 1386 1023 1457 receptus
1043 1387 1101 1450 est,
1125 1375 1310 1436 dissimulans
1328 1391 1359 1432 se

260 1487 322 1530 esse
346 1487 466 1552 regem..
499 1467 540 1526 Et
564 1485 629 1530 cum
643 1465 800 1544 intrasset,
828 1467 927 1548 puella
945 1467 994 1528 illa
1013 1466 1102 1530 solvit
1120 1467 1262 1541 calcaria,
1288 1465 1363 1544 ligat

188 1633 191 1640 ,
260 1580 378 1641 equum,
397 1561 475 1622 lavat
494 1579 606 1634 ocreas,
625 1560 748 1620 mundat
767 1560 854 1621 etiam
874 1569 905 1622 et
922 1563 1012 1641 pedes
1031 1561 1123 1644 regies
1142 1561 1223 1641 cepit
1231 1557 1362 1641 gladium

261 1664 292 1715 et
314 1653 452 1716 servavit:
484 1653 563 1714 coxit
586 1652 675 1714 etiam
698 1673 805 1734 panem
829 1643 1053 1716 subdnericium
1077 1666 1108 1716 et
1126 1653 1163 1714 ad
1182 1651 1315 1715 mensam
1335 1649 1364 1710 ei

260 1748 379 1810 servivit
399 1758 429 1807 et
446 1745 555 1808 lectum
574 1747 683 1810 stravit.
722 1747 877 1809 Postremo
892 1749 960 1830 ipse
979 1769 1030 1810 rex
1049 1741 1193 1828 quaesivit
1211 1766 1228 1806 a
1243 1744 1364 1805 molen-

154 1827 183 1864 ”’
261 1839 393 1916 dinatio,
422 1861 473 1900 an·
485 1839 563 1900 istae·
582 1839 658 1902 duae
683 1839 799 1922 puellae
819 1853 916 1902 essent
933 1842 1010 1904 filiae
1030 1841 1110 1902 eiusi
1138 1839 1296 1919 respondit
1314 1837 1365 1896 ita.

260 1934 302 1994 Et
320 1953 381 2009 rex,
401 1933 436 1994 da
455 1931 529 1994 rnihi
547 1931 580 1994 in
599 1933 762 1996 hacrnocte
781 1955 871 1996 unam
888 1935 984 2009 exeis,
1003 1933 1071 2014 quia
1082 1933 1366 2012 homopraepotens

178 2094 180 2102 ¹
230 2075 232 2080 .
261 2037 341 2102 sum,
360 2038 391 2086 te
411 2039 441 2086 et
459 2026 536 2106 ipsas
557 2025 651 2090 ditare
668 2047 800 2109 possum:
820 2028 878 2090 hoc
897 2029 1017 2090 audiens
1035 2027 1102 2102 ille,
1119 2026 1199 2108 regis
1219 2023 1366 2084 Theodo-

261 2119 316 2180 rini
335 2119 428 2194 filiam,
443 2139 563 2201 sperans
583 2119 669 2182 ditari
687 2121 744 2200 sibi
762 2119 882 2187 tradidit
899 2122 931 2181 in
955 2121 1071 2180 lectum.
1114 2117 1170 2176 Illa
1182 2128 1293 2178 tamen
1311 2135 1366 2199 ge-

262 2233 347 2286 mens
365 2225 399 2274 et
415 2211 497 2274 anxia
518 2213 734 2275 dechncubitu
752 2215 836 2275 flevit
854 2233 966 2286 amare,
986 2232 1073 2290 quam
1091 2229 1142 2272 rex
1159 2211 1259 2272 multis
1279 2209 1366 2272 blan·
1460 2233 1461 2240 ¹

263 2305 342 2366 ditiis
368 2307 555 2385 consolatur,
582 2309 721 2370 sednon
745 2305 860 2386 recepit
884 2301 1127 2375 consolationem.
1170 2302 1276 2370 Puella
1302 2309 1366 2388 ipsa

261 2409 353 2461 nocte
374 2401 514 2480 concepit
532 2422 550 2461 a
567 2420 650 2484 rege.
693 2399 782 2458 Mene
807 2408 905 2458 autem
928 2416 979 2458 rex
1003 2397 1043 2458 ait
1067 2398 1305 2479 molendinario,
1334 2415 1368 2464 ut

263 2511 363 2554 euram
382 2503 467 2574 gerat
484 2492 572 2567 illius,
592 2503 623 2552 et
641 2491 751 2550 nullam
768 2489 878 2551 sentiat
897 2487 1054 2569 delectum,
1073 2504 1104 2552 et
1123 2493 1206 2554 dedit
1226 2497 1255 2556 ei
1274 2517 1367 2577 peen-

167 2661 173 2674 ·
264 2583 359 2660 mam,
391 2605 477 2662 quam
500 2595 572 2646 tunc
596 2583 705 2644 habuit
750 2583 871 2646 Addidit
891 2583 977 2644 etiam
996 2605 1059 2647 reus
1079 2587 1183 2662 ,Quod
1202 2590 1228 2650 si
1248 2601 1370 2670 pareret

265 2678 410 2758 puellam,
429 2677 492 2769 ipsc
510 2678 627 2738 veniret
645 2697 712 2739 cum
731 2677 797 2738 tuso
817 2689 848 2738 et
867 2677 949 2738 colo:
978 2678 1003 2738 si
1020 2699 1091 2740 vero
1110 2679 1282 2761 masculum,
1302 2705 1370 2744 cum
1465 2691 1466 2706 ¹

265 2791 336 2832 arcu
355 2781 386 2830 et
404 2771 519 2852 sagitta.
555 2771 670 2832 Annuit
690 2791 804 2852 pauper
823 2783 853 2832 et
871 2772 934 2833 Rex
951 2772 1116 2854 regreditur
1134 2771 1171 2834 ad
1190 2776 1266 2838 fines
1291 2797 1370 2838 snos.

264 2863 307 2924 Et
324 2873 461 2942 tempore
480 2875 580 2944 partus
600 2865 748 2946 completo
768 2864 844 2926 sedit
861 2885 916 2926 rex·
931 2885 996 2926 cnm
1012 2868 1143 2950 coniuge
1161 2889 1213 2928 sua
1225 2869 1371 2931 inmensa

132 2951 144 3032 ’,
267 2965 299 3016 et
316 2955 439 3017 rusticus
459 2957 541 3018 venit
560 2979 626 3018 cum
645 2979 714 3018 arcu
734 2969 765 3018 et
782 2959 902 3040 sagittat
917 2959 1066 3041 Scyphum
1090 2961 1122 3020 in
1146 2981 1248 3022 mensa
1268 2973 1372 3024 cortm

266 3047 381 3132 regina,
403 3061 432 3110 et
452 3050 528 3110 fudit
546 3072 634 3132 super
652 3064 748 3114 vester
767 3053 837 3114 eins.
865 3053 954 3114 Unde
965 3053 1028 3134 ipsa
1036 3053 1187 3136 indignata
1198 3055 1254 3114 aits
1274 3057 1372 3118 Amo-

266 3151 334 3202 vete
352 3141 439 3204 istum
458 3143 544 3220 llarl,
573 3162 721 3226 uunquam
745 3147 889 3208 formosus
913 3159 966 3208 est.
1011 3147 1177 3226 imperator
1195 3145 1373 3230 intelligens

268 3233 340 3312 quid
359 3235 472 3298 iaceret
489 3239 624 3315 rusticias,
642 3239 694 3300 ait:
715 3238 839 3300 Karolus
858 3239 1020 3300 vocabitur.
1059 3241 1099 3298 Et
1118 3237 1199 3298 iussit
1218 3241 1373 3318 ministris,

177 3327 179 3336 “
268 3335 303 3384 ut
321 3328 459 3387 rusticum
477 3351 578 3392 seeum
595 3332 739 3408 locarent,
759 3345 789 3394 et
807 3332 885 3394 bene
904 3343 1076 3408 tractarent,
1102 3343 1133 3392 et
1151 3344 1220 3412 post
1237 3354 1374 3396 mensam

268 3417 384 3478 loeutus
405 3430 449 3480 est
467 3440 577 3496 secum,
595 3435 626 3482 et
644 3427 829 3506 recognovit,
849 3427 929 3504 quod
942 3424 1118 3503 pulcriorem
1128 3423 1272 3502 puerum,
1284 3447 1375 3507 quam

269 3531 398 3591 unquam
418 3512 508 3574 homo
527 3515 615 3589 vidit,
634 3515 731 3594 puella
751 3515 891 3592 ediderit,
910 3527 940 3576 ct
959 3514 1070 3597 gavisus
1091 3526 1135 3575 est
1153 3533 1218 3591 rex,
1238 3507 1270 3578 et
1290 3521 1376 3582 dedit

271 3603 301 3688 ei
318 3605 486 3684 petuniam:
515 3607 644 3698 addidit,
664 3611 745 3690 quod
764 3609 1040 3670 filiurnnominsret
1056 3607 1212 3685 Karolum,
1231 3623 1264 3670 et
1284 3635 1375 3692 qnam

271 3695 331 3757 cito
356 3698 439 3777 loqui
464 3712 579 3780 posset,
608 3703 766 3766 adduceret
790 3704 826 3766 ei.
870 3703 909 3762 Et
933 3699 1093 3760 mirabatur
1111 3721 1183 3762 uxor
1204 3714 1234 3762 et
1253 3706 1376 3783 milites,

273 3789 353 3868 quod
371 3809 422 3850 rex
440 3793 520 3854 solus
539 3794 712 3876 loqueretur
731 3821 795 3859 cum
815 3796 932 3856 rustico.
965 3791 1039 3852 Cum
1061 3804 1157 3854 autem
1174 3813 1250 3875 puer
1262 3799 1375 3859 crevis-

272 3893 316 3942 set
333 3895 366 3944 et
384 3885 534 3948 ambulare
554 3903 663 3970 posset,
683 3889 914 3952 molendinarius
933 3886 1003 3946 emit
1022 3887 1049 3946 ei
1068 3899 1173 3963 vestes,
1192 3899 1222 3947 et
1234 3891 1377 3965 produxit

273 3975 305 4036 in
326 3978 449 4040 curiam:
470 3994 501 4041 et
510 4003 570 4068 per
588 3970 726 4044 adiunxit
736 4005 801 4044 eum
821 3981 887 4040 liliis
906 3979 975 4054 suis,
995 3979 1075 4058 quasi
1095 3981 1230 4041 eiusdem*
1243 3977 1377 4044 staturae

274 4077 305 4128 et
323 4071 442 4146 aetatis,
469 4085 499 4134 et
518 4075 635 4136 educari
655 4075 739 4151 fecit,
759 4088 792 4134 ut
809 4074 885 4134 lilios
904 4081 972 4132 suos
992 4073 1149 4154 legitimos.
1186 4074 1280 4149 Quod
1301 4078 1376 4138 odio

273 4161 376 4223 habuit
393 4165 510 4246 regina:
530 4169 607 4228 unde
627 4168 743 4242 accidit,
764 4168 843 4246 quod
862 4165 914 4226 lilii
932 4187 1000 4226 num
1019 4159 1166 4248 tamquam
1185 4167 1378 4248 illegitimum

240 4301 245 4317 .
274 4270 445 4334 spernentes
464 4263 593 4342 graviter
611 4271 834 4340 percusserunt:
850 4259 902 4320 sed
921 4260 1045 4324 llarolns
1063 4260 1239 4341 repercussit
1259 4269 1291 4318 et
1311 4281 1376 4321 non

174 4367 181 4386 ·
274 4347 408 4412 sustinuit
434 4352 564 4434 ipsorum
588 4351 790 4432 insolentiam,
822 4353 889 4433 quia
913 4354 1154 4436 repraesentabat
1176 4354 1209 4416 in
1233 4354 1376 4416 omnibus
