2890 5092
769 399 857 494 rsa

264 584 369 655 iterum
389 578 542 641 bannimus
563 577 686 640 firmiter
705 585 738 638 ut
763 597 851 640 nemo
877 579 1000 659 amplius
1008 576 1126 654 faciat,
1145 579 1221 640 siem
1240 579 1370 644 fidelita-

89 737 96 744 ,
177 721 193 742 ,
260 688 320 737 tem
340 673 426 736 nobis
445 672 616 752 promissam
636 673 835 753 unusquisque
856 691 1029 734 conservare
1050 673 1157 752 cupiat,
1176 674 1216 734 ita
1236 674 1294 734 sibi
1316 698 1369 736 ca-

261 780 334 830 veat.
374 766 407 825 Si
428 767 491 846 quis
512 765 608 825 lutens
630 765 738 828 Comes
757 765 806 828 vel
827 763 1033 842 Centenarius,
1053 778 1103 827 aut
1122 754 1229 828 vassis
1249 782 1370 844 noster,

260 873 309 922 aut
334 860 436 940 aliquis
463 859 500 918 de
527 857 766 920 Ministerialibus
791 860 898 920 nostris
924 859 1065 922 feramina
1093 872 1194 921 nostra
1214 860 1369 938 furaverit,

76 987 82 1002 ,
167 979 170 984 ·
260 953 381 1014 omnino
402 952 439 1011 ad
458 961 587 1012 nostram
607 945 802 1032 praesentiam
821 952 1020 1032 perducantur
1039 953 1075 1013 ad
1087 947 1244 1014 rationem.
1287 953 1367 1016 Cae-

258 1047 327 1127 teris
352 1056 448 1105 autem
473 1043 583 1126 vulgis,
618 1045 669 1124 qui
700 1047 794 1126 ipsum
825 1045 935 1105 furtum
965 1046 1002 1106 de
1023 1047 1217 1108 feraminibus
1249 1048 1390 1124 fecerit„

237 1138 381 1212 ‘omniun
402 1139 481 1218 quod
501 1138 607 1197 iustum
628 1151 671 1200 cst
690 1150 861 1219 componat,
880 1137 1104 1221 nullatenusque
1125 1142 1166 1202 eis
1184 1142 1289 1201 exinde
1309 1141 1366 1201 ali-

258 1233 329 1314 quid
348 1231 500 1292 relaxetur.
540 1229 573 1290 si
594 1233 657 1311 quis
678 1245 775 1294 autem
795 1234 853 1294 boc
872 1233 980 1293 scierit*
992 1232 1078 1292 alicui
1097 1243 1311 1315 perpetratum,
1333 1236 1364 1294 in

258 1328 299 1388 eis
319 1326 459 1388 fidelitate
480 1317 650 1387 conservata
672 1347 758 1406 quam
776 1326 863 1387 nobis
883 1326 1083 1412 promiserunt
1101 1339 1132 1389 et
1144 1349 1223 1400 nuuc
1237 1329 1363 1409 promit-

256 1433 320 1482 tere
339 1419 459 1496 babent,
478 1417 575 1480 nullus
595 1419 654 1480 boc
676 1421 772 1482 celare
792 1419 908 1484 audeat.

582 1589 700 1661 Capituli
720 1595 753 1648 ad
771 1611 861 1648 ornnes
878 1591 1035 1660 generaliter.

203 1725 206 1744 ¹
311 1711 374 1773 XL.
412 1709 576 1773 Novissime
596 1711 688 1794 igitur
708 1731 742 1771 cx
762 1711 897 1772 omnibus
927 1710 1051 1773 decretis
1075 1711 1183 1772 nostris
1202 1731 1291 1772 nosse
1309 1735 1361 1774 cn-

255 1807 349 1888 pimus
371 1805 407 1864 iu
430 1804 568 1866 universo
599 1823 694 1887 regno
720 1818 823 1866 nostro
843 1806 948 1866 Missos
973 1815 1090 1866 nostros
1115 1823 1194 1864 nuuc
1224 1805 1360 1883 directos,

202 1903 205 1912 ’
254 1901 314 1962 sive
333 1899 413 1959 inter
433 1898 644 1976 ecclesiasticos
664 1897 760 1974 viros,
786 1899 969 1980 Episcopus,
988 1895 1135 1974 Abbates,
1155 1896 1361 1981 Presbyteros,

252 1993 415 2068 Diaconos,
437 1990 617 2067 Canonicos,
638 2011 739 2054 omnes
752 1992 997 2070 Monacbos,sive
1011 1991 1268 2069 sanctimoniales,
1289 2015 1360 2074 qua-

253 2083 322 2146 liter
340 2085 537 2164 unusquisque
561 2085 592 2144 in
616 2105 669 2144 suo
696 2084 858 2146 ministerio
882 2087 931 2148 vel
957 2084 1144 2166 professione
1165 2098 1265 2146 nostra
1285 2087 1360 2146 ban-

162 2209 165 2216 *
253 2201 324 2240 num
349 2179 396 2240 vel
423 2179 572 2240 decretum
592 2177 699 2238 habeat
728 2191 947 2255 conservatum,
970 2177 1018 2242 vel
1043 2177 1095 2237 ubi
1121 2177 1230 2240 civibus
1255 2199 1289 2238 ex
1314 2181 1361 2240 bis

254 2273 375 2356 dignum
394 2272 431 2332 sit
459 2292 493 2331 ex
517 2270 597 2331 bona
623 2271 776 2332 voluntate
801 2293 852 2332 sua
878 2271 986 2356 gratias
1012 2291 1119 2354 agere,
1142 2272 1189 2334 vel
1213 2272 1362 2333 adiutoria

252 2365 424 2448 impendere
444 2364 492 2426 vel
511 2365 563 2425 ubi
583 2365 693 2445 aliquid
712 2363 806 2424 adbuc
831 2366 868 2426 sit
892 2364 1071 2426 necessitatis
1097 2365 1260 2426 emendare.
1309 2365 1359 2425 Si-

235 2459 314 2524 *mili
334 2471 429 2520 autem
449 2458 565 2534 Laicos,
585 2457 666 2518 etin
687 2456 822 2517 omnibus
842 2455 1011 2538 ubicunque
1032 2457 1115 2520 locis.
1161 2459 1195 2518 si
1216 2459 1251 2519 de
1271 2480 1358 2518 muu-

253 2553 384 2614 deburdt
403 2563 568 2612 sanctarum
588 2549 796 2626 Ecclesiarum,
815 2550 863 2613 vel
884 2551 970 2612 etiam
990 2552 1140 2612 viduarum
1163 2564 1193 2612 et
1205 2551 1356 2634 orphano-

161 2693 165 2704 ,
194 2677 196 2684 1
251 2669 326 2722 rum,
346 2667 397 2708 seu
416 2644 566 2704 minimum
586 2644 753 2724 potentium
774 2655 861 2723 atque
881 2646 995 2725 rapina,
1014 2645 1189 2707 necnonde
1211 2645 1357 2706 exercitali

166 2779 170 2786 -
250 2739 360 2819 placito
370 2737 526 2812 instituto,
546 2748 576 2797 et
598 2755 686 2814 super
706 2737 775 2814 ipsis
795 2737 898 2814 causis,
918 2738 1043 2816 qualiter
1062 2751 1223 2819 praecepto
1236 2739 1282 2802 vel
1301 2759 1355 2798 ve

71 2833 75 2846 '
164 2839 174 2854 ⁸
251 2830 357 2890 luntati
372 2839 499 2910 ‚nostrae
524 2829 584 2887 siut
603 2827 793 2904 obedientes,
818 2829 866 2892 vel
893 2832 981 2892 etiam
1006 2832 1131 2912 qualiter
1151 2832 1280 2892 bannum
1300 2852 1356 2892 no-

250 2936 341 2986 strum
361 2921 489 2985 habeant
509 2933 722 2999 conservatum,
742 2923 926 3004 qualiterque
943 2947 1031 3012 super
1045 2927 1143 2988 omnia
1158 2925 1355 3006 unusquisque

184 3025 189 3034 '
251 3029 399 3080 certamen
424 3018 532 3080 babeat
555 3016 713 3104 inpsaucto
739 3017 860 3080 servitio
886 3039 917 3081 se
944 3019 1038 3100 ipsum
1066 3021 1222 3081 custodire.
1265 3021 1306 3078 Et
1331 3019 1355 3078 si

159 3137 163 3145 ·
250 3113 323 3174 baec
347 3112 446 3174 omnia
471 3111 552 3174 bona
579 3111 711 3172 et·beue
737 3122 804 3170 sunt
829 3111 865 3172 ad
890 3111 950 3172 Dei
976 3112 1197 3195 Omnipotentis
1229 3111 1357 3188 laudem,

216 3215 218 3222 ’
250 3207 279 3268 ei
297 3207 404 3290 gratias
423 3206 594 3284 referamus,
613 3215 647 3264 ut
666 3203 787 3286 dignum
807 3215 860 3263 est.
907 3205 969 3264 Ubi
995 3218 1091 3271 autem
1117 3207 1227 3288 aliquid
1246 3207 1355 3266 malurn

250 3321 311 3362 esse
337 3301 496 3378 credimus,
529 3300 569 3362 sic
594 3299 632 3360 ad
660 3296 875 3358 emendandum
907 3298 988 3366 omni
1022 3301 1119 3369 studio
1146 3313 1176 3362 et
1202 3300 1355 3387 vpluntate

249 3405 397 3454 certamen
416 3395 585 3470 babeamus,
604 3403 637 3453 ut
656 3412 722 3452 curu
733 3390 792 3452 Dei
812 3389 959 3452 adiutorio
980 3393 1038 3454 hoc
1058 3393 1095 3453 ad
1115 3393 1353 3462 emendationem

248 3485 450 3564 perducamus,
470 3498 501 3546 et
520 3487 557 3546 ad
576 3496 705 3544 nostram
726 3496 875 3544 aeternam
895 3487 1061 3548 mercedem
1082 3498 1111 3547 et
1130 3487 1261 3547 omnium
1280 3487 1353 3548 fide-

246 3577 318 3636 lium
337 3588 514 3638 nostrorum.
555 3575 697 3636 Similiter
717 3585 747 3636 et
775 3578 811 3636 de
833 3575 997 3641 Comitibus
1022 3581 1070 3642 vel
1091 3579 1279 3643 Centenariis
1298 3580 1353 3638 mi-

247 3669 410 3732 sterialibus
434 3671 559 3747 nostris,
592 3669 671 3730 inter
700 3689 755 3732 nos
784 3671 881 3731 omnia
912 3673 1078 3754 supradicta
1106 3693 1194 3736 nosse
1219 3670 1351 3754 cupimus

247 3760 382 3824 feliciter.

581 3918 733 3974 Admonitio
756 3920 788 3971 de
805 3921 925 3994 symbolo
942 3920 1010 4007 fidei.

199 4104 202 4112 ¹
302 4037 380 4098 XLI.
418 4037 545 4114 Audite,
574 4037 680 4100 fratres
712 4037 908 4115 dilectissimi,
938 4059 992 4118 pro
1024 4037 1117 4100 salute
1146 4051 1243 4102 vestra
1273 4040 1352 4100 bunc

245 4130 365 4191 Missum
385 4141 415 4190 et
434 4148 650 4191 ammoncamus
676 4151 728 4191 vos
750 4131 900 4212 quomodo
926 4133 1085 4192 secundum
1104 4133 1203 4193 Deum
1222 4133 1298 4193 iuste
1317 4144 1350 4192 et

244 4222 330 4284 bene·
342 4215 461 4300 rivaus,
488 4236 518 4284 et
536 4224 595 4282 hoc'
609 4223 774 4282 secundum
795 4245 860 4283 cum
881 4223 989 4284 iustitia
1010 4237 1041 4284 et
1061 4247 1125 4285 cum
1145 4225 1348 4286 misericordia

245 4334 460 4376 conversemur.
500 4317 709 4376 Ammonemus
728 4335 779 4378 vos
799 4317 940 4396 imprimis
960 4329 993 4377 ut
1012 4319 1137 4381 credatis
1148 4341 1238 4380 unum
1251 4319 1351 4379 Deum

245 4407 363 4468 Patrem
384 4408 628 4488 omnipotentem,
649 4421 678 4470 et
697 4409 814 4488 Filium,
836 4421 866 4472 et
886 4410 1028 4490 Spiritum
1048 4412 1197 4475 Sanctum.
1227 4412 1285 4474 Hic
1306 4423 1352 4472 est
