2890 5092
518 453 522 460 .
612 387 720 470 lea'

447 767 476 821 0
494 781 519 822 o
536 781 565 822 ιι
581 779 603 822 ιι
619 767 636 820 t
653 766 669 820 Ι
685 769 702 820 t
718 781 747 820 ιι
763 773 780 824 t
796 769 812 824 l
830 784 855 826 o

209 867 242 918 de
259 867 440 920 emendatione
457 869 584 922 librorum
605 884 629 922 et
654 869 800 922 officiorum
819 872 1046 926 ecclesiasticorum
1058 871 1091 942 ¹).

147 999 300 1078 Karolus‚¹
313 1001 371 1059 Dei
391 1000 481 1062 fretus
501 1001 605 1062 anxilio
617 1003 678 1062 Rex
692 1003 874 1064 Francorum
894 1017 923 1064 ct
934 1005 1198 1088 Langobardorum
1245 1073 1252 1086 ,
1266 991 1269 998 ⁸

74 1114 117 1156 ac
143 1091 299 1153 Patricius
318 1093 530 1170 Romanorum,
548 1095 695 1175 religiosis
715 1094 875 1158 lectoribus
885 1109 1001 1169 nostrae
1012 1100 1117 1160 ditioni
1128 1099 1196 1160 sub-

73 1185 191 1246 iectis.
234 1185 309 1246 Cum
329 1207 383 1248 nos
403 1187 500 1248 divina
520 1208 644 1295 semper
655 1188 736 1247 dorni
754 1188 884 1266 forisque
905 1186 1146 1267 clementia‚'s1ve
1166 1193 1197 1252 in
1245 1243 1247 1248 .

73 1277 247 1338 bellorum
267 1280 471 1356 eventibus,
449 1301 508 1342 srve
529 1281 559 1339 in
580 1279 658 1360 pacis
678 1280 891 1360 tranquillitate
909 1283 1061 1359 custodiat,
1081 1287 1135 1344 etsi
1147 1307 1196 1346 re·
1288 1283 1292 1292 ’

71 1372 229 1452 pendere
251 1373 404 1452 quicquam
425 1373 485 1433 eius
505 1371 656 1433 beneficiis
676 1375 802 1434 tenuitas
821 1374 948 1432 humana
962 1393 1024 1433 non
1039 1357 1209 1471 praevalet,

73 1464 158 1543 qnia
190 1473 235 1522 est
259 1464 477 1528 inaestimabilis
501 1465 720 1527 misericordiae
739 1467 820 1527 Deus
846 1477 963 1540 noster,
988 1466 1121 1529 devotas
1129 1487 1239 1534 suae

74 1556 228 1620 servituti
253 1555 384 1640 benigne
409 1558 594 1642 approbat
579 1559 752 1622 voluntates
797 1561 892 1650 Igitur
916 1561 984 1640 'quia
1004 1581 1091 1622 carae
1111 1561 1198 1624 nobis

76 1663 128 1712 est
151 1663 193 1712 ut
211 1664 376 1712 nostrarum
396 1651 591 1714 Ecclesiarum
612 1655 648 1714 ad
667 1653 789 1716 meliora
809 1674 926 1734 semper
943 1655 1082 1736 proficiat
1097 1665 1198 1730 status,

76 1745 282 1804 obliteratam
302 1763 404 1824 paene
416 1744 559 1804 maiorum
579 1759 746 1811 nostrorum
767 1747 876 1818 desidia
899 1768 1036 1828 reparare
1055 1747 1197 1831 vigilante

77 1839 192 1900 studio
213 1839 361 1898 literarum
389 1838 544 1920 satagimus
565 1839 728 1916 officinam,
762 1851 792 1902 et
816 1841 853 1902 ad
878 1835 1080 1921 pernoscenda
1103 1841 1197 1919 studia

76 1931 260 1992 liberalium
286 1931 391 1990 artium
412 1942 514 1991 nostro
542 1933 627 1992 etiam
656 1919 905 2014 quos'possmnus
924 1935 1078 2010 invitamus
1099 1919 1195 1996 exem*-

35 2067 46 2077 -.
77 2024 148 2104 plo.
194 2025 278 2084 Inter
297 2043 373 2103 quae
392 2022 563 2098 imnprtdem
585 2028 731 2086 universos
749 2030 848 2087 veteris
872 2051 907 2088 oo
930 2015 997 2089 uoci
1020 2030 1197 2100 instrumenti
1251 2073 1254 2080 .

76 2116 193 2191 libros,
213 2116 401 2193 librariorum
418 2119 563 2190 impetitio
581 2115 767 2194 depravator,
787 2120 853 2184 Deo
873 2126 925 2182 abs
943 2127 975 2182 in
994 2120 1123 2184 omnibus
1141 2117 1194 2180 mi-
1258 2127 1260 2140 '

76 2212 220 2284 inocente,
252 2212 429 2272 examussim
455 2212 647 2270 correximus.
707 2210 834 2290 Accensi
858 2225 1012 2292 praeterea
1033 2213 1195 2274 memoriae

76 2305 277 2364 venerandae
297 2301 419 2384 Pippini
438 2301 581 2383 genitoris
602 2301 695 2362 nostri
716 2303 863 2387 exemplis,
883 2304 933 2382 qui
944 2316 1021 2365 totas
1034 2305 1196 2364 Galliarum

74 2393 237 2454 Ecclesias
256 2397 407 2456 Romanae
426 2395 591 2456 traditionis
611 2415 664 2455 suo
685 2395 781 2479 studio
803 2396 934 2456 cantibus
955 2396 1119 2471 decoravit,
1140 2415 1194 2474 nos

76 2487 280 2548 nihilominus
311 2486 425 2548 sollerti
451 2489 567 2546 easdem
594 2507 726 2548 curamus
751 2487 861 2548 intuitu
880 2489 1104 2569 praecipuarum
1123 2485 1195 2558 insi-

79 2580 174 2663 gnire
195 2581 271 2640 serie
291 2580 462 2640 lectionum.
493 2579 631 2658 Denique
652 2580 719 2658 quia
732 2582 767 2640 ad
780 2581 952 2642 nocturnale
970 2575 1098 2642 officium
1109 2601 1194 2666 com·
1246 2635 1252 2644 .

80 2673 194 2752 pilatas
215 2673 397 2754 quorundam
419 2693 499 2732 casso
519 2673 642 2780 labore&
653 2671 723 2766 licet
742 2686 824 2736 recto
844 2674 962 2751 intuitu,
980 2673 1075 2734 minus
1094 2661 1193 2758 tamen

80 2765 212 2846 idoneo,
230 2766 391 2846 reperimus
411 2765 572 2840 lectiones,
593 2761 702 2846 quippe
724 2789 798 2848 quae
819 2779 849 2830 et
868 2768 931 2829 sine
952 2778 1103 2829 anctorum
1124 2787 1193 2827 suo*

81 2881 149 2918 rum
177 2859 329 2922 vocabulis
354 2871 450 2918 essent
476 2858 614 2936 positae,
637 2871 666 2918 et
693 2859 813 2922 infinitis
844 2860 983 2922 vitiorum
1013 2860 1236 2923 anfractibus

81 2962 247 3028 scaterent,
265 2971 328 3010 non
347 2971 443 3010 snmus
464 2951 542 3031 passi
560 2951 667 3012 nostris
692 2952 724 3010 in
741 2953 858 3012 diebus
881 2953 911 3010 in
931 2953 1035 3028 divinis
1054 2951 1192 3012 lectioni-

83 3041 139 3104 bus
159 3043 241 3102 inter
259 3063 340 3103 sacra
361 3043 460 3103 officia
479 3043 707 3104 inconsonantes
723 3055 908 3122 perstrepere
928 3044 1192 3129 soloecisrnosgat-

83 3156 143 3214 que
165 3137 325 3206 earundem
350 3137 512 3198 lectionum
538 3135 569 3203 in
596 3135 698 3196 melius
718 3133 879 3194 reformare
898 3135 1043 3194 tramitem
1062 3146 1193 3194 mentem

82 3228 276 3290 intendimus.
320 3231 414 3310 quue
441 3250 514 3310 opus
541 3227 635 3288 Paulo
661 3227 859 3305 Diacono²)‚
890 3227 1027 3288 familiari
1050 3224 1193 3286 clientulo

84 3335 209 3400 nostro,
237 3322 412 3382 elimandum
432 3323 623 3396 iniunximus,
639 3317 762 3380 'scilicet
780 3329 814 3376 ut
831 3318 961 3378 studiose
980 3317 1193 3400 catholicorum

84 3399 209 3478 Patrum
229 3415 305 3503 dicta
324 3434 508 3495 percurrens,
527 3413 619 3474 veluti
639 3432 672 3472 cx
691 3410 851 3471 lectissimis
871 3429 972 3470 eorum
987 3411 1077 3492 pratis
1094 3423 1190 3472 certos

13 3575 20 3588 ,
85 3529 246 3590 quosque
241 3509 380 3570 flosculos
401 3508 525 3589 legeret,
545 3518 576 3566 et
594 3506 625 3564 in
645 3526 735 3564 unum
749 3523 881 3594 quaeque
893 3515 989 3564 essent
1007 3503 1089 3563 utilia
1110 3505 1191 3584 quasi

86 3615 198 3662 sertum
223 3613 346 3682 aptaret.
391 3599 453 3676 Qui
479 3612 599 3662 nostrae
621 3583 796 3660 Celsitudini
817 3597 922 3659 devote
947 3617 1050 3676 parere
1077 3599 1190 3680 deside-
1235 3679 1239 3686 μ

87 3715 172 3772 rans,
197 3707 338 3756 tractatus
358 3706 446 3774 atquc
466 3713 616 3754 sermones
637 3693 818 3754 diversorum
838 3685 1049 3750 catholicorum
1070 3670 1189 3752 Patriam

87 3789 255 3871 perlegens,
273 3798 305 3848 et
325 3787 435 3896 optima
457 3807 591 3866 quaeque
611 3771 818 3866 decerpens,
809 3803 840 3842 ιιι
860 3783 973 3844 duobus
993 3782 1189 3846 voluminibus

87 3899 140 3957 per
158 3881 250 3942 totius
275 3880 346 3940 anni
373 3879 513 3940 circulum
539 3889 737 3962 congruentes
751 3875 863 3954 cuique
883 3876 1036 3939 festivitati
1053 3877 1188 3938 distincte

91 3983 120 4030 et
138 3973 248 4054 absque
267 3973 346 4036 vitiis
364 3973 452 4034 nobis
473 3971 581 4033 obtulit
600 3971 751 4033 lectiones.
801 3968 933 4044 Quartam
958 3983 1068 4032 textum
1088 3979 1188 4028 nostra

127 4193 150 4243 'l
165 4191 298 4247 Walter,
311 4191 383 4248 ll‚p
403 4195 443 4239 64.
457 4192 585 4250 Dippoldt,
600 4193 626 4238 S.
640 4189 794 4237 tenattem
807 4184 1188 4239 anteuentrnunteht‚rner

91 4255 148 4301 ohne
160 4250 315 4320 geritigenden
327 4257 418 4304 (ir-und.
592 4283 594 4288 ·

128 4325 150 4370 ἰ
164 4325 212 4369 Das
229 4319 393 4368 Humiliartum
411 4323 482 4369 Pauli
502 4325 645 4370 Dementia
666 4323 746 4385 biuflg
769 4323 883 4385 gertr-uelit
896 4321 1001 4374 worden,
1024 4317 1093 4366 ι..Β
1090 4317 1187 4377 -Θριίιι
1284 4349 1285 4358 ,

87 4388 153 4442 ,laea
179 4391 326 4447 Βικιιιιι,
339 4391 383 4438 tot.
