2960 5094
268 583 447 655 Monachus,
480 576 529 656 qui
562 565 617 656 p'ro
644 573 745 635 officio
773 573 873 636 divino
901 574 930 632 in
957 572 1142 633 Monasteriis
1165 573 1368 649 morabantur,

267 675 361 758 plagis
380 669 506 733 maximis
524 657 696 744 tundentes,
722 667 824 748 plures
848 665 1042 738 laniaverunt3
1074 675 1104 725 et
1130 665 1367 726 sanctimoniales

266 767 390 836 feminas
411 775 497 843 atque
521 761 663 836 reclusas,
691 779 767 841 quae
791 757 828 818 ab
855 757 977 816 infantia
998 769 1026 816 et
1047 757 1209 836 pubertatis
1227 769 1366 838 tempore

266 877 322 938 pao
333 855 390 916 Dei
403 876 502 916 amore
514 875 577 915 sese
591 855 738 914 clausurae
757 849 950 924 tradiderunt,
969 849 1170 910 abstrahentes
1183 871 1247 911 cum
1258 871 1365 932 magna

267 949 440 1011 crudelitate
459 948 642 1028 polluerunt;
670 945 719 1025 qui
739 943 826 1004 etiam
846 942 925 1000 etin
945 942 1007 1021 ipsa
1028 942 1276 1004 contaminatione
1296 944 1365 1004 alias

265 1041 433 1127 ipterticere
451 1041 504 1102 visi
523 1051 603 1111 suut;
623 1049 652 1099 et
671 1055 771 1118 omnes
791 1035 894 1096 domos
913 1034 1222 1097 tultasbeatiPetriet
1234 1037 1365 1097 omnium

253 1135 477 1208 Romanorum,
497 1144 555 1193 tam
574 1132 650 1193 viros
671 1147 815 1207 quamque
834 1127 987 1203 mulieres,
1006 1129 1221 1210 iugulavernut,
1241 1141 1272 1190 et
1291 1129 1365 1189 alios

248 1226 365 1308 *plures
385 1225 516 1306 captivos
536 1226 685 1284 duxerunt.
730 1221 806 1283 Nam
832 1231 862 1280 et
887 1219 1060 1281 innocentes
1085 1220 1245 1282 infantulos
1265 1243 1281 1280 a
1300 1243 1364 1280 ma-

263 1319 352 1380 millis
370 1330 493 1380 matrnm
511 1334 626 1376 suarum
645 1323 829 1392 separantes,
848 1313 983 1394 ipsasque
1002 1313 1032 1374 vi
1051 1311 1232 1393 polluentes,
1251 1315 1364 1376 intere-

264 1424 382 1472 merunt
406 1411 461 1491 ipsi
486 1407 569 1487 impii
593 1401 797 1486 Langobardi;
826 1415 857 1465 et
886 1417 967 1465 tanta
990 1406 1066 1466 mala
1092 1406 1123 1466 in
1149 1407 1205 1466 bac
1229 1407 1363 1466 Romana

263 1503 415 1584 provincia
439 1503 587 1574 fecerunt,
617 1509 725 1577 quanta
749 1508 829 1559 certe
854 1519 910 1560 nec
928 1489 1061 1580 paganae
1081 1509 1185 1580 gentes
1205 1498 1363 1578 aliquando

262 1605 447 1676 perpetratas
459 1602 539 1652 sunt:
561 1589 627 1670 quia
641 1589 727 1650 etiam
746 1590 786 1669 (si
800 1589 858 1650 dici
870 1594 983 1670 potest)
1005 1603 1034 1652 et
1053 1592 1109 1671 ipsi
1128 1591 1237 1671 lapides
1250 1601 1365 1651 nostras

262 1687 459 1750 desolationes
477 1683 619 1757 videntes,
637 1682 922 1744 ululantnobiseum.
954 1684 1178 1766 Quinquaginta
1191 1695 1221 1743 et
1233 1683 1363 1762 quinque

263 1779 324 1840 dies
344 1780 419 1838 banc
440 1775 577 1836 afflictam
596 1775 760 1834 Romanam
780 1776 925 1838 civitatem
952 1777 1137 1852 obsidentes,
1168 1787 1198 1834 et
1223 1795 1258 1835 ex
1282 1774 1364 1834 omni

262 1879 347 1950 parte
367 1869 591 1944 circumdantes,
610 1868 720 1948 praelia
739 1868 895 1930 fortissima
916 1871 962 1930 die
982 1881 1132 1949 noctuque
1152 1889 1217 1930 cum
1232 1859 1362 1946 pessimo

260 1961 365 2022 surore
385 1961 565 2022 incessanter
584 1981 650 2021 cum
669 1960 789 2022 diversis
808 1962 950 2023 machinis
970 1973 1001 2022 et
1020 1959 1275 2023 adinventionibus
1294 1958 1362 2039 plu-

214 2053 219 2070 '
260 2053 342 2115 rimis
367 2065 469 2114 contra
493 2073 548 2113 nos
574 2053 611 2113 ad
634 2069 734 2114 muros
758 2053 839 2116 istius
866 2056 1016 2132 Romanae
1040 2053 1122 2115 urbis
1146 2053 1364 2124 commiserunt,

260 2158 299 2228 nt,
314 2166 383 2207 suae
402 2145 541 2225 potestati
560 2147 657 2226 (quod
677 2158 788 2208 avertat
805 2147 965 2224 Divinitas)
984 2147 1155 2220 subiiciens,
1180 2165 1282 2206 omnes
1300 2161 1361 2204 uno

259 2229 362 2320 gladio
373 2239 451 2299 idem
462 2238 595 2302 inimicus
608 2239 769 2300 Haistulfus
780 2239 973 2299 interimeret
1002 2237 1050 2294 Ita
1070 2237 1148 2296 euim
1167 2257 1233 2298 cum
1251 2253 1360 2318 magno

259 2330 363 2392 surore
383 2331 576 2412 exprobantes
594 2332 682 2391 nobis
702 2327 883 2392 asserebant:
909 2327 987 2388 Esus
1004 2327 1173 2390 nmmum
1190 2333 1256 2390 estis
1269 2351 1290 2389 o
1307 2349 1360 2387 nu-

259 2423 320 2487 bisa
338 2428 452 2485 easdam
468 2445 546 2483 nano
564 2423 919 2482 Froociaatmmttuos
937 2417 1252 2484 demonibusnostms.
1284 2421 1359 2480 Nam

155 2553 159 2561 ,
260 2527 293 2578 et
312 2515 457 2576 civitatem
475 2507 681 2588 Narniensein,
700 2531 786 2591 quam
798 2512 892 2574 Beato
910 2513 1001 2574 Petro
1022 2509 1211 2591 concessistis,
1231 2512 1359 2574 abstule-

260 2618 341 2682 runt,
361 2617 391 2666 et
409 2604 519 2685 aliquas
540 2603 669 2666 civitates
689 2615 802 2665 nostras
822 2606 1117 2686 comprehenderunt
1157 2606 1359 2683 Quamobrem

261 2697 414 2760 constricti
438 2697 483 2758 vix
507 2695 655 2778 potuimus
679 2697 793 2757 marino
814 2699 921 2759 itinere
940 2712 1108 2779 praesentes
1127 2713 1242 2762 nostras
1260 2699 1359 2760 literas

260 2801 293 2851 et
311 2791 431 2850 Missum
450 2791 485 2850 ad
505 2801 628 2866 vestram
642 2788 892 2852 christianitatem
912 2791 1049 2876 dirigere,
1068 2815 1139 2874 quas
1160 2805 1191 2856 et
1215 2813 1280 2854 cum
1296 2812 1360 2852 ma-

261 2883 327 2966 gnis
347 2883 480 2964 lacrymis
498 2882 673 2962 scripsimus.
1024 2887 1026 2892 ’
1476 2953 1477 2960 ἵ

318 2977 418 3051 Unde,
438 2975 615 3038 dilectissimi
634 2977 731 3053 uobis,
750 2989 821 3058 peto
841 2999 902 3055 vos,
922 2993 1111 3062 ettamquam
1127 2979 1360 3062 praesentialiter
1451 2965 1477 3028 ι’

230 3119 236 3126 .
262 3067 414 3142 adsistens,
434 3087 499 3128 cum
520 3069 622 3130 divinis
642 3073 787 3152 mysteriis
807 3073 931 3134 coniuro
951 3093 1050 3133 coram
1059 3073 1128 3135 Deo
1140 3074 1207 3136 vivo
1228 3085 1259 3134 et
1276 3091 1360 3144 vero,

262 3171 293 3220 et
311 3160 372 3220 eius
392 3159 526 3241 principe
545 3162 757 3241 Apostolorum
770 3165 865 3226 Beato
885 3165 986 3240 Petro,
1005 3177 1039 3225 ut
1057 3165 1110 3226 sub
1130 3166 1219 3228 nimia
1239 3163 1360 3226 festina-

261 3253 349 3312 tiune·
360 3250 447 3313 nobis
464 3253 651 3331 subveniatis,
670 3277 708 3318 ne
727 3273 888 3337 pereamus.
919 3259 989 3321 Non
1009 3279 1063 3318 nos
1079 3257 1300 3337 derelinquatis3
1319 3257 1360 3315 sic

261 3365 326 3408 non
340 3365 392 3406 vos
410 3346 594 3426 derelinquat
605 3348 750 3411 Dominus
767 3351 799 3410 in
810 3351 945 3412 omnibus
960 3349 1062 3412 vestris
1074 3350 1194 3412 actibus.
1224 3351 1293 3408 Non
1305 3369 1360 3409 nos

261 3435 419 3516 spernatis;
439 3435 479 3496 sic
492 3457 616 3498 nontvos
626 3444 909 3518 spernatllominus,
920 3444 990 3502 eius
1006 3443 1175 3502 invocantes
1186 3434 1359 3517 potentiam.

176 3533 209 3612 ‚‘
261 3531 308 3590 Ne
322 3527 473 3610 elongetis
493 3547 510 3587 a
530 3529 616 3588 nobis
635 3534 769 3592 auxilium
786 3546 930 3608 vestrum,
960 3531 1210 3605 Christianissimi‚
1226 3529 1277 3592 sic'
1294 3553 1358 3593 non

260 3619 533 3702 elongetDominus
546 3621 679 3682 auxilium
690 3646 773 3686 suum
785 3645 801 3686 a
811 3625 905 3701 vobis,
916 3625 983 3686 dum
995 3623 1119 3707 ingressi
1131 3623 1243 3684 fueritis
1255 3637 1360 3686 contra
1460 3626 1464 3630 ’

260 3711 396 3772 inimicos
416 3725 529 3775 vestros
549 3715 585 3774 ad
606 3715 809 3780 dimicandum.
847 3717 991 3780 Adiuvate
1010 3738 1065 3791 pos
1084 3717 1138 3779 sub
1157 3721 1358 3801 magnavelo-

260 3804 358 3879 citate,
377 3803 556 3866 dilectissimi
576 3805 679 3878 nobist
700 3809 855 3883 occurrite,
874 3809 1030 3882 occurrite,
1045 3821 1080 3870 et
1097 3809 1359 3886 subveniteuobis,

259 3905 416 3976 antequam
436 3897 548 3979 gladius
573 3899 758 3960 inimicorum
784 3901 820 3962 ad
846 3921 900 3962 cor
923 3911 1054 3962 nostrum
1079 3904 1238 3984 pertingat.
1280 3902 1357 3963 Peto
1426 3951 1440 3968 t

258 4010 322 4065 vos,
341 4008 379 4048 ne
399 4009 565 4069 pereamus3
585 4011 623 4052 ne
643 3995 760 4072 quando
781 3993 879 4054 dicant
897 4005 1011 4076 gentes,
1031 4015 1104 4075 quae
1120 3995 1269 4056 incuncta
1283 3993 1358 4056 orbe

257 4093 401 4144 terrarum
421 4093 503 4159 sunt,
533 4083 592 4144 tttt
610 4101 651 4146 est
659 4085 777 4166 fiducia
795 4087 996 4149 nmmum
1013 4109 1099 4168 palam
1112 4102 1181 4163 post
1198 4087 1359 4148 Dauniam

257 4176 290 4234 ts
307 4173 436 4252 Regibus
459 4190 486 4236 at
505 4192 589 4254 gasts
610 4179 794 4240 Frmwmm
816 4178 974 4242 ludebat?
1010 4164 1081 4242 an
1104 4199 1159 4242 nos
1184 4180 1359 4262 permittatis

218 4307 223 4318 .
257 4265 371 4344 perire,
400 4281 431 4328 et
455 4290 493 4330 ue
518 4271 661 4334 differatis
685 4270 777 4340 uobis¹
792 4273 828 4333 ad
847 4273 949 4334 solatia
969 4274 1112 4350 dandum,
1145 4293 1200 4334 nec
1220 4295 1237 4353 a
1256 4283 1355 4334 vestro

257 4377 312 4420 nos
331 4363 471 4440 separetis
490 4363 610 4436 auxilio,
629 4363 669 4426 sic
689 4385 750 4426 non
769 4365 830 4428 sitis
849 4366 936 4428 alieni
955 4388 972 4428 a
991 4387 1085 4449 regno
1101 4367 1169 4444 Dei,
1189 4377 1220 4428 ct
1238 4386 1277 4428 ne
1297 4363 1356 4426 ob-
1416 4418 1419 4427 .
