2960 5094
184 2565 192 2594 Ι

808 443 837 508 ll

277 625 347 668 cura
373 603 507 668 omnibus
531 599 705 664 exercitibus
730 597 786 658 tuis
811 596 847 656 da
873 591 996 678 gloriam
1014 589 1082 651 Deo
1103 587 1180 670 Regi
1203 602 1374 670 regnorum,

278 712 309 761 ct
327 697 484 782 gratiarum
504 695 635 757 actiones
654 688 821 754 cumomni
839 705 934 768 regno
953 696 1021 763 tuo;
1041 682 1122 763 quod
1140 681 1203 764 ipse
1221 691 1252 740 te
1266 676 1373 738 exalta-

182 835 187 842 .
277 793 321 856 vit
338 793 370 852 in
389 791 535 852 honorem
556 787 669 870 gloriae
693 782 779 866 regni
796 782 952 860 Europae,
980 789 1011 838 et
1035 775 1129 837 adhuc
1153 773 1241 835 ctiam
1264 769 1375 830 maiora

277 897 407 968 praestat
425 884 480 944 tibi
499 883 605 942 horum
629 879 744 958 iamque
769 871 1001 955 praedictorum,
1027 870 1051 930 si
1074 867 1157 928 illum
1183 864 1288 928 exaltas
1310 881 1375 922 cum
1456 892 1457 914 ι

278 979 335 1040 suis
359 979 418 1039 hoc
443 975 544 1036 modo.
587 975 703 1034 Memor
717 979 785 1038 esto
806 984 879 1047 ergo
899 982 1029 1043 semper,
1054 963 1117 1024 Rex
1135 960 1190 1037 mi,
1208 957 1267 1018 Dei
1284 955 1377 1036 Regis
1456 965 1457 978 ¹

276 1071 321 1130 tui
341 1091 406 1131 cum
425 1069 532 1132 timore
553 1079 583 1127 et
601 1082 715 1138 amore,
738 1059 818 1140 quod
837 1070 870 1118 tu
890 1077 920 1118 es
940 1056 970 1115 in
990 1056 1052 1118 vice
1072 1054 1149 1115 illins
1168 1072 1258 1133 super
1277 1047 1377 1110 omnia

196 1175 222 1245 f
276 1164 407 1224 membra
428 1163 488 1222 eius
515 1159 678 1232 custodire,
709 1165 739 1215 et
761 1171 882 1235 regere,
913 1161 943 1210 et
967 1150 1113 1210 rationem
1131 1146 1257 1207 reddere
1276 1144 1308 1204 in
1329 1141 1377 1202 die

277 1255 393 1332 iudicii,
413 1255 500 1316 etiam
519 1271 573 1334 per
590 1263 635 1311 te:
663 1261 693 1310 et
711 1247 876 1327 Episcopus
896 1241 989 1303 estin
1008 1243 1138 1306 secundo
1158 1241 1244 1316 loco,
1262 1239 1294 1298 in
1313 1235 1378 1301 vice

279 1348 389 1412 Christi
408 1359 519 1410 tantum
540 1355 594 1420 est,
613 1353 669 1404 etc.
770 1421 775 1434 „

726 1495 927 1518 ..n-..npu—

807 1656 850 1729 ll.

316 1785 528 1855 uxompmr
552 1781 751 1854 apostatae
775 1753 962 1851 stennius
978 1779 1056 1838 111.
1078 1777 1180 1850 (ru.)
1203 1777 1338 1845 rapas

341 1903 345 1914 ·
411 1871 445 1923 ad
462 1871 590 1923 domnum
605 1868 733 1922 Carolum
756 1882 781 1920 ct
804 1867 1009 1919 Carlomannum
1027 1865 1107 1930 Reges
1124 1863 1244 1924 δίκαιε,

275 1954 303 2008 in
325 1973 376 2024 qua
400 1954 566 2007 continentur
586 1952 731 2014 uberrimae
753 1951 959 2013 henedictiones,
983 1963 1009 2002 ct
1031 1969 1081 2020 pro
1104 1967 1195 2001 eorum
1216 1943 1381 1999 fraternitatis

413 2037 554 2092 concordia
569 2036 710 2103 ‘gratiarum
728 2037 848 2100 actiones,
870 2049 895 2088 et
914 2037 947 2088 da
964 2031 1063 2088 iustitiis
1081 2032 1109 2090 S.
1126 2031 1197 2084 Petri
1209 2031 1246 2100 Ι).

331 2170 457 2232 Domnis
481 2171 725 2232 excellentissimis
745 2169 825 2245 filiis,
845 2167 956 2228 Carolo
977 2177 1007 2224 et
1027 2163 1229 2224 Carlomanno
1248 2161 1381 2246 Regibus

274 2263 472 2340 Francorum,
498 2275 528 2324 ct
547 2263 680 2325 Patriciis
699 2263 914 2332 Romanorum,
934 2255 1100 2335 Stephanus
1120 2255 1211 2336 Papa.
1249 2255 1381 2316 Benedi-

276 2368 338 2418 ctus
357 2355 504 2418 Dominus
523 2357 605 2418 Deus
624 2365 736 2428 noster,
755 2363 841 2433 pater
859 2347 1126 2410 misericordiarum
1147 2361 1177 2410 et
1187 2349 1271 2410 Deus
1290 2350 1381 2411 totius

268 2447 498 2523 consolationis,
518 2449 568 2526 qui
588 2443 759 2523 consolator
778 2456 809 2504 et
828 2441 1015 2525 propitiator
1027 2442 1122 2503 existit
1142 2443 1274 2503 omnium
1294 2443 1380 2504 invo-

275 2537 403 2601 cantium
423 2559 489 2598 eum
509 2538 692 2601 inveritate.
739 2537 807 2620 Ipse
833 2537 910 2598 enim
930 2535 1115 2616 Redemptor
1133 2545 1252 2613 noster,
1277 2555 1381 2617 preces

274 2629 461 2691 clamantium
477 2631 514 2691 ad
533 2651 563 2692 se
584 2631 749 2707 exaudiens,
768 2628 965 2691 moerentium
975 2627 1181 2690 tribulationes
1191 2629 1229 2690 ad
1241 2629 1380 2714 gaudium

275 2723 429 2785 convertit
476 2725 567 2800 Quod
593 2733 672 2784 certe
698 2743 777 2784 nunc
803 2723 834 2782 in
859 2721 946 2784 nobis
971 2733 1059 2802 atque
1078 2721 1218 2782 universo
1239 2720 1381 2802 peculiari

273 2815 387 2896 populo
407 2827 524 2877 sanctae
543 2815 603 2876 Dei
622 2815 772 2878 Ecclesiae
798 2816 874 2891 eius,
900 2815 1015 2877 divinae
1041 2813 1157 2896 pietatis
1182 2814 1381 2888 clementiam,
1462 2867 1463 2872 ,

273 2919 305 2969 et
322 2907 539 2969 misericordiae
559 2909 773 2992 benignitatem
793 2909 939 2970 cernimus
960 2929 1021 2970 esse
1030 2907 1176 2984 diffusam,
1195 2907 1228 2968 in
1245 2929 1282 2969 eo
1299 2907 1381 2988 quod

245 3035 253 3056 .
273 3013 392 3061 nostrae
421 3001 562 3062 orationis
587 3012 654 3063 vota
676 3003 831 3063 exaudiens
850 3003 995 3063 moeroris
1014 3002 1109 3062 nostri
1126 3001 1381 3078 lamentationem,

274 3115 360 3176 quam
381 3115 474 3176 usque
491 3095 630 3155 hact'anus
650 3093 802 3156 habuimus
823 3093 856 3156 ex
865 3097 928 3176 ipsa
941 3095 1085 3157 divisione
1096 3083 1271 3176 discordiae,
1292 3116 1379 3174 quam

273 3189 409 3267 antiquus
428 3188 530 3262 hostis,
550 3187 682 3247 inimicus
702 3189 792 3268 pacis,
811 3187 891 3267 intra,
907 3201 1032 3250 vestram
1048 3185 1263 3248 fraternitatem
1282 3188 1379 3248 immi-

273 3291 366 3376 seram
392 3303 486 3358 nunc,
505 3281 573 3342 Deo
594 3279 739 3362 propitio,
759 3281 863 3342 eodem
884 3281 1026 3362 pestifero
1047 3281 1162 3343 aemulo
1183 3281 1327 3357 confuso,
1346 3281 1378 3338 in
1460 3355 1463 3366 ι

273 3390 459 3431 communem
479 3373 667 3432 dilectionem
687 3385 718 3434 et
736 3375 942 3451 concordiam,
965 3385 999 3434 ut
1017 3396 1085 3438 vere
1105 3373 1236 3434 uterinos
1258 3384 1288 3431 et
1308 3393 1379 3456 gcr-

272 3482 375 3522 manos
394 3459 510 3536 fratres,
528 3483 580 3524 vos
601 3483 749 3524 connexos
769 3485 832 3524 esse
852 3468 1011 3540 discentes,
1030 3468 1061 3522 in
1080 3483 1215 3544 magnam
1235 3463 1378 3527 laetitiam

273 3565 448 3618 convertere
468 3549 601 3636 dignatus
622 3566 674 3614 est.

330 3649 433 3728 Itaque
459 3646 732 3726 praecellentissimi
752 3648 820 3725 filii,
844 3649 945 3732 magni
962 3647 1193 3710 victoriosissimi
1211 3650 1327 3734 Reges,
1348 3665 1379 3713 et
1462 3683 1463 3686 ¹

201 3737 206 3742 ’
272 3737 332 3799 Dei
352 3739 538 3820 providentia
557 3741 651 3800 nostri
663 3741 865 3802 Romanorum
877 3740 1009 3816 Patricii,
1028 3741 1242 3825 coniungentes
1259 3737 1301 3806 'ad
1321 3768 1378 3808 nos

231 3885 236 3893 ,
272 3831 432 3892 fidelissimi
451 3853 485 3892 ac
504 3832 686 3896 solertissimi
711 3835 800 3896 vestri
819 3833 915 3910 Missi,
943 3833 1054 3896 scilicet
1073 3833 1271 3898 Gauuibertus
1290 3859 1378 3902 reve·
1449 3870 1452 3878 ·

273 3925 460 3986 rendissimus
480 3938 511 3986 et
528 3926 722 3996 sanctissimus
741 3927 846 3987 Frater
864 3937 966 3988 noster
980 3928 1156 4010 Episcopus,
1175 3939 1263 4009 atque
1275 3931 1378 3993 Euch-

272 4017 373 4082 bertus
392 4017 559 4102 religiosus,
579 4031 610 4080 ct
627 4021 789 4082 Ansfrcdus
809 4041 861 4082 seu
878 4019 1080 4110 Helingarius,
1099 4021 1304 4104 gloriosissimi
1323 4046 1376 4086 ve-

246 4183 251 4196 ·
272 4113 340 4189 stri,
365 4111 533 4174 detulerunt
552 4113 638 4176 nobis
658 4111 849 4175 honorabiles
869 4123 899 4174 et
917 4113 1003 4175 nimis
1025 4114 1231 4177 desiderabiles
1248 4115 1376 4196 syllabas

273 4223 290 4263 a
308 4217 404 4267 vestra
424 4227 440 4266 a
459 4203 529 4268 Deo
548 4207 680 4268 instituta
699 4205 800 4289 regali.
838 4205 979 4269 Potentia
998 4209 1137 4271 directas:
1162 4230 1216 4290 per
1235 4227 1307 4286 quas
1327 4209 1375 4269 in-

253 4389 256 4396 ,
311 4355 333 4406 ¹)
357 4355 415 4400 dod.
437 4355 537 4404 camba.
558 4357 652 4404 xnvn.
679 4355 833 4414 sirmond,
855 4356 944 4405 θυμοῦ.
966 4357 1029 4404 ⁶011.
1050 4359 1081 4404 Τ.
1094 4359 1127 4418 11,
1144 4373 1169 4416 p.
1183 4362 1221 4406 66.
1255 4356 1374 4415 Gointo,

270 4419 357 4465 Anaol.
373 4421 443 4469 Toni.
457 4425 486 4479 V,
499 4437 522 4469 a.
538 4428 590 4469 tto.
605 4411 627 4482 h.
641 4425 664 4469 4.
679 4429 702 4480 t,
716 4438 740 4482 p.
754 4427 796 4470 751
809 4437 863 4480 sqq.
889 4423 1029 4484 Bouquet,
1049 4428 1078 4482 V,
1092 4441 1117 4485 p.
1131 4428 1174 4472 539
1191 4423 1219 4468 ff.
