2960 5094
765 389 768 394 .
819 398 905 496 Μ,

321 583 363 647 11.
400 583 454 648 De
472 582 674 667 sacrilegio
693 601 801 666 super
820 560 1036 661 deiunctae,
1060 586 1097 647 id
1116 597 1185 665 est,
1209 587 1404 656 Dadsisar.

307 679 364 740 111.
401 677 454 740 De
474 675 709 759 spurcalibus
735 678 1055 762 [supercalibusl]
1081 681 1119 741 in
1138 681 1355 747 Februario.

353 867 395 928 11.
432 865 485 927 De
500 863 654 942 sacrilegio
676 885 764 942 super
780 861 944 947 ἄφωνα,
963 863 999 925 id
1015 879 1072 946 est,
1097 863 1260 931 Dadsidcu.
1297 871 1404 955 Dapes

249 1007 252 1032 ,
295 970 327 1022 et
347 957 452 1042 epulae
474 957 614 1020 funebres
633 958 862 1019 instituebantur
881 977 944 1020 non
963 959 1027 1020 sine
1042 959 1118 1022 luxu.
1157 963 1324 1027 Parentalia
1343 987 1405 1032 vo-

295 1053 454 1130 cabantur,
488 1053 569 1134 quod
600 1071 669 1111 eaa
701 1051 767 1114 filiis
796 1053 827 1112 in
857 1063 1013 1133 parentum
1042 1073 1224 1138 paganorum
1249 1058 1402 1124 bononem

250 1147 260 1168 '¹
293 1149 409 1208 fierent.
448 1149 492 1208 Ut
511 1157 554 1207 est
573 1146 651 1226 apud
670 1140 934 1228 Hieronymum
953 1146 985 1206 in
1004 1147 1173 1210 Jeremiam.

332 1241 565 1303 Gaudentius
595 1238 760 1319 Episcopus
789 1240 967 1302 brixinensis
1002 1255 1161 1303 memorat:
1200 1243 1297 1328 Gulae
1326 1265 1403 1309 suae

332 1349 417 1398 causa
436 1317 562 1416 primurn
587 1343 752 1410 coeperunt
770 1333 905 1396 homines
925 1335 1047 1415 prandia
1066 1335 1190 1398 mortuis
1209 1357 1403 1420 praeparare,

331 1449 406 1509 quae
424 1426 481 1510 ipsi
500 1425 701 1501 comederent,
722 1437 777 1487 etc.
1088 1481 1091 1489 ,

173 1507 177 1514 ’
292 1520 417 1584 Carolus
428 1521 470 1580 M.
488 1517 519 1578 in
531 1517 750 1597 Capitularibus
770 1519 1002 1602 superstitiosum
1023 1521 1101 1584 bunc
1120 1522 1207 1583 ritum
1226 1525 1401 1605 probibuit:

327 1614 569 1687 Admoneantur,
589 1610 646 1688 ait,
666 1611 783 1690 fideles,
810 1624 844 1673 ut
862 1615 900 1676 ad
918 1635 993 1677 suos
1005 1627 1139 1678 mortuos
1158 1637 1221 1678 non
1241 1631 1332 1703 agant
1351 1643 1402 1700 ea,

327 1727 403 1789 quae
424 1707 460 1768 de
479 1724 663 1788 paganorum
682 1706 741 1766 ritu
760 1717 965 1768 remanserunt
975 1753 1059 1770 ......
1072 1721 1104 1772 et
1122 1732 1211 1793 super
1224 1733 1328 1776 eorum
1347 1730 1400 1779 tu-

185 1819 188 1826 ’
319 1801 422 1862 'mulos
441 1819 497 1860 nec
516 1799 693 1859 manducare
712 1817 768 1861 nec
788 1797 892 1862 bibere
912 1815 1106 1882 praesumant.

346 1895 404 1956 111.
442 1891 493 1954 De?
511 1890 693 1969 muralibus
717 1897 750 1954 io
768 1893 941 1958 fulmarus.
979 1891 1171 1978 spurcissima
1190 1891 1301 1956 Bacchi
1319 1892 1399 1952 iestn

288 1987 342 2050 sub
362 1989 453 2050 hacce
479 1985 605 2069 pagania
624 1985 771 2070 intelligo.
817 1986 892 2049 Cum
919 1989 969 2050 illa
988 1991 1159 2053 Boniiacius
1182 1986 1399 2072 prohibuisset,

288 2101 361 2165 gens
381 2101 496 2164 pagana
515 2080 683 2160 respoudit,
709 2081 792 2143 utin
813 2081 898 2164 epist
920 2081 1062 2146 CXXXII
1087 2087 1124 2146 ad
1144 2084 1311 2146 Zachariam
1331 2079 1398 2140 Pa-

199 2176 225 2198 ‘'
287 2195 355 2256 pam
374 2173 499 2236 relatum
521 2186 574 2252 est,
594 2193 715 2256 nempe:

326 2265 467 2329 Gamales
492 2268 644 2344 homines,
674 2268 785 2329 idiotae
804 2269 962 2330 Alemanni
1046 2271 1094 2334 vel
1117 2270 1239 2346 Franci,
1265 2267 1291 2328 si
1309 2265 1399 2327 iuxta

264 2350 274 2376 ⁸
324 2359 487 2422 Romanam
513 2361 617 2426 urbem
638 2359 748 2440 aliquid
767 2357 866 2422 iacere
885 2363 1013 2425 viderint
1032 2387 1066 2428 er
1084 2365 1128 2428 bis
1148 2363 1288 2448 peccatis,
1313 2379 1398 2441 quae

205 2471 235 2506 w
323 2474 380 2514 nos
399 2455 600 2534 probibemus,
620 2453 731 2514 licitum
752 2465 782 2514 et
803 2474 972 2520 eoncessum
992 2480 1009 2520 a
1029 2462 1229 2534 sacerdotibus
1250 2486 1312 2527 esse
1330 2489 1393 2549 pu-

322 2555 388 2605 tant
408 2557 438 2605 et
456 2545 544 2606 nobis
563 2545 776 2627 improperium
797 2551 955 2630 deputant,
978 2553 1036 2616 sibi
1055 2559 1221 2622 scandalum
1239 2561 1316 2642 ritae
1337 2585 1393 2626 ac-
1471 2579 1475 2603 ⁴

324 2637 452 2719 cipiunt,
477 2638 553 2698 sicut
579 2639 741 2717 affirmant,
767 2663 798 2703 se
822 2644 929 2705 vidisse
955 2649 1037 2709 annis
1057 2651 1179 2735 singulis
1203 2657 1234 2718 iu
1254 2657 1394 2724 Romana
1477 2717 1478 2720 ,

248 2765 251 2774 ·
323 2731 397 2792 urbe
418 2751 452 2791 ex
471 2731 548 2792 iuxta
570 2731 720 2794 ecclesiam
740 2737 833 2797 sancti
853 2737 935 2800 Petri
954 2739 985 2800 iu
1006 2742 1053 2804 die
1072 2745 1120 2806 rel
1139 2759 1245 2826 nocte,
1267 2754 1391 2833 quando

322 2823 387 2883 Kal.
406 2824 559 2886 Januarias
578 2824 699 2902 intrant,
718 2848 902 2911 paganorum
922 2837 1133 2900 cousuetudine
1155 2842 1261 2904 choros
1277 2845 1409 2910 ducere·

322 2923 378 2997 per
396 2916 506 2998 plateas
531 2927 562 2976 et
580 2917 803 2984 acclamationes
821 2925 889 2986 ritu
908 2929 1062 3010 gentilium
1089 2943 1119 2992 et
1139 2937 1317 3000 cantationes
1332 2962 1389 3008 ,sa-

323 3000 447 3093 crilegas
471 3009 636 3090 celebrare;
663 3025 694 3074 et
712 3037 826 3078 mensas
851 3019 902 3080 illa
922 3022 969 3083 die
988 3023 1037 3084 uel
1056 3038 1146 3087 noete
1165 3029 1288 3110 dspibus
1308 3054 1389 3095 one-

321 3125 404 3182 rare,
431 3115 461 3165 et
480 3104 591 3165 nullum
612 3107 647 3167 de
669 3109 757 3170 domo
784 3134 834 3172 sua
854 3113 901 3175 vel
921 3115 1021 3198 iguem
1040 3118 1087 3180 vel
1106 3119 1316 3186 ferramentum
1335 3130 1388 3189 vel

321 3199 431 3281 aliquid
456 3199 604 3260 commodi
626 3201 725 3263 vicino
745 3205 806 3264 suo'
820 3219 967 3286 praestare
993 3208 1079 3270 velle.
1123 3211 1236 3276 Dicunt
1255 3221 1388 3301 quoque,

320 3294 475 3354 sevidisse
500 3291 543 3354 ibi
562 3294 702 3374 mulieres,
722 3319 839 3382 pagano
862 3301 921 3360 ritu
941 3303 1120 3384 phylacteria
1146 3319 1176 3368 et
1194 3309 1332 3394 ligaturas
1354 3327 1388 3376 et

317 3381 351 3441 in
372 3383 499 3443 brachits
520 3399 549 3445 et
568 3389 598 3448 in
620 3389 752 3451 cruribus
772 3391 873 3476 ligatas
885 3392 1002 3474 babere,
1015 3409 1045 3459 et
1064 3400 1181 3480 publice
1201 3401 1387 3468 advenden.

321 3475 389 3536 dum
419 3475 536 3537 venales
567 3481 603 3538 ad
628 3487 855 3561 comparandum
882 3489 944 3548 aliis
972 3491 1083 3564 offere,
1114 3497 1317 3570 quaeomnia
1344 3520 1384 3563 eo

320 3567 400 3648 quod
425 3567 467 3627 ibi
481 3589 503 3638 a
523 3571 686 3636 carnalibus
709 3587 742 3650 et
761 3575 966 3657 insipientibus
992 3582 1144 3660 videntur,
1169 3585 1257 3650 nobis
1283 3591 1330 3652 bie
1352 3605 1386 3654 et

317 3659 529 3742 improperium
552 3675 582 3724 et
600 3663 1076 3752 impedimentum?praedicationis
1097 3689 1127 3738 et
1147 3679 1299 3754 doctrinae
1311 3705 1383 3765 per-

280 3772 285 3788 ··
300 3753 501 3816 '‘ficiunt....‘.
514 3755 581 3819 istas
600 3759 739 3842 paganias
758 3761 802 3824 ibi
817 3769 975 3846 paternitas
995 3780 1090 3831 vestra
1110 3771 1141 3832 in
1151 3771 1285 3839 Romana
1304 3779 1382 3842 urbe

318 3845 343 3907 si
361 3847 557 3928 prohibuerit,
578 3863 608 3914 et
626 3841 684 3915 sibi
701 3859 866 3934 mercedem
881 3872 918 3934 ¹et
935 3861 1023 3924 nobis
1041 3866 1195 3930 marimum
1211 3872 1380 3951 proiectum

318 3939 350 3999 in
370 3940 503 4004 doctrina
524 3946 718 4010 ecclesiastiea
738 3953 871 4032 acquiret
882 3995 965 4015 ......
977 3962 980 3971 '
1027 3973 1030 3980 ’
1123 3963 1147 3978 ”
1177 3977 1180 3982 ·
1265 3965 1365 3988 ”’“““’“’

279 4031 327 4094 nd
346 4031 419 4114 haec
439 4035 572 4116 pontifex
591 4040 623 4102 in
641 4043 835 4123 responsoriis¹
854 4043 1044 4126 lpotius:
1137 4049 1181 4087 ³⁸

316 4127 364 4187 De
386 4125 523 4190 Calendis
542 4131 687 4196 Januariis
707 4137 754 4198 vel
774 4141 902 4202 caeteris
917 4142 1054 4226 auguriis,
1073 4141 1260 4230 phyldcleriis
1273 4153 1380 4215 'etin-

317 4221 532 4282 cantationibus
563 4224 612 4286 vel
635 4228 697 4290 aliis
724 4231 842 4296 diversis
867 4234 1139 4319 observationibus,
1171 4263 1245 4323 quae
1272 4247 1380 4328 gentili

226 4307 228 4318 '
316 4327 400 4371 more
420 4313 570 4378 observari
591 4317 685 4382 dixisti
704 4325 782 4406 apud
796 4327 837 4386 B..
847 4327 968 4396 Petrum
988 4333 1036 4396 vel
1055 4333 1088 4400 iu
1106 4334 1181 4398 urbe
1194 4337 1299 4415 Roma,
1318 4339 1382 4403 boo
1477 4385 1478 4428 p

311 4411 347 4462 et
365 4402 451 4467 nobis
465 4419 502 4470 -et
520 4409 656 4477 omuibus
668 4411 841 4483 Christianis
861 4421 1037 4490 detestabile
1055 4438 1088 4490 et
1104 4429 1302 4508 perniciosum
1313 4453 1380 4497 esse
1477 4433 1478 4514 f
