2908 5094
651 387 950 524 x12⁸1

261 613 320 679 ubi
331 615 431 697 plures
450 609 593 697 Episcopi
612 619 643 672 et
662 609 797 674 Gomitcr
811 609 1026 686 convenerint,
1047 609 1118 686 ista,
1138 607 1214 670 sicut
1233 604 1369 688 postula-

261 711 323 786 atis,
340 705 526 772 firmabimus.

714 895 914 934 Ι-ιιι--ιωιιι--ιιι
922 911 929 922 ⁰

675 928 678 944 ι

751 1099 862 1172 XLII.

260 1207 374 1306 ouou
384 1227 568 1298 mustus·
577 1225 806 1298 captaturum
816 1227 954 1284 escum
969 1226 1129 1282 rincum
1143 1223 1188 1282 tn
1199 1213 1370 1296 emmo,

299 1308 417 1410 culus
433 1311 584 1382 mentio
600 1307 646 1366 flt
662 1311 1086 1453 lgoppqqup'llqporbls
1103 1309 1327 1382 superioris

311 1577 314 1590 Ι
394 1499 437 1552 De
454 1499 530 1552 bostc
547 1512 572 1551 et
588 1515 675 1568 pugna
691 1512 768 1568 atqua
785 1497 862 1550 amnis
880 1497 1065 1552 Sacerdotibus
1082 1469 1229 1569 prohibitis.

317 1634 457 1696 Secunda
481 1633 562 1708 rice,
594 1645 719 1714 propter
742 1632 917 1714 ampliorem
942 1631 1174 1706 observantiam,
1203 1630 1369 1711 apostolica

258 1728 433 1792 auctoritate
453 1737 484 1790 et
501 1725 662 1788 multomm
679 1739 848 1790 sanctorum
858 1727 1076 1807 Episcoporum
1096 1724 1302 1786 admonitione
1319 1725 1369 1784 iu-

152 1817 162 1838 *
258 1822 373 1898 structi,
392 1830 620 1900 sanctorumque
633 1818 807 1894 ‚Canonum
825 1821 936 1904 regulis
960 1819 1075 1896 edocti,
1105 1818 1242 1880 consultu
1261 1817 1369 1879 videli-

259 1928 308 1980 cet
327 1914 458 1976 omnium
484 1911 630 1973 nobilium
655 1925 844 1990 nostrorum,
863 1915 1060 1996 nosmetipsos
1084 1914 1285 1996 corrigentes,
1310 1933 1369 1993 po-

259 2009 402 2090 sterisque
422 2008 530 2068 nostris
558 2006 720 2086 exemplum
740 2007 858 2082 dantes,
881 2007 1015 2068 volumus
1041 2019 1075 2068 ut
1098 2007 1194 2068 nullus
1220 2007 1369 2068 Sacerdos

258 2105 291 2162 iu
312 2105 427 2163 bostem
446 2110 566 2182 pergat,
591 2099 648 2160 nisi
672 2100 731 2161 duo
755 2099 803 2160 vel
822 2111 883 2162 tres
902 2110 1016 2160 tantum
1035 2101 1192 2188 Episcopi,
1217 2100 1369 2161 electione

162 2192 166 2206 '
259 2207 461 2270 caeterorum,
480 2204 605 2274 propter
623 2193 864 2256 benedictionem
884 2203 915 2254 et
932 2195 1182 2274 praedicationem
1200 2192 1370 2274 populique

258 2287 549 2364 reconciliationem,
569 2297 684 2348 etcum
703 2287 761 2348 illis
781 2287 869 2348 electi
888 2287 1080 2365 Sacerdotes,
1105 2288 1156 2368 qui
1174 2287 1250 2347 bene
1269 2285 1372 2348 sciant

257 2377 377 2462 populis
397 2379 595 2460 poenitentias
620 2380 707 2457 dare,
736 2379 839 2442 Missas
859 2377 1026 2455 celebrare,
1057 2381 1094 2442 de
1118 2379 1239 2442 infirmis
1263 2399 1370 2441 euram

258 2474 386 2548 babere,
412 2474 578 2553 sacratique
604 2471 664 2533 olei
689 2495 755 2536 cum
780 2475 869 2537 sacris
895 2473 1033 2556 precibus
1058 2472 1230 2534 unctionem
1248 2473 1370 2553 impen-

258 2568 341 2644 dere,
361 2577 391 2626 et
410 2563 469 2626 boe
489 2565 615 2626 maxime
634 2567 807 2646 praevidere
833 2587 871 2630 ne
889 2569 953 2630 sine
977 2565 1086 2628 viatico
1107 2565 1171 2646 quis
1191 2566 1228 2628 de
1247 2565 1368 2626 saeculo

257 2657 385 2730 recedat.
426 2657 467 2717 Hi
487 2677 559 2719 vero
579 2677 636 2720 nee
656 2679 735 2720 arma
756 2660 864 2737 lerant,
882 2681 939 2722 nec
958 2659 995 2721 ad
1014 2679 1143 2741 pugnam
1153 2670 1289 2742 pergant,
1308 2680 1369 2720 nec

259 2750 407 2812 effusores
426 2752 602 2832 sanguinum
621 2751 669 2812 vel
688 2752 848 2834 agitatores
868 2754 954 2828 fiant,
979 2754 1031 2814 sed
1053 2763 1167 2813 tantum
1187 2753 1368 2814 Sanctorum

200 2917 203 2924 Ι
256 2842 386 2924 pignora
406 2851 437 2900 et
455 2859 535 2902 sacra
555 2843 716 2904 ministeria
735 2844 844 2922 lerant,
858 2857 894 2913 ,et
909 2845 1093 2908 orationibus
1112 2867 1167 2927 pro
1187 2845 1298 2908 viribus
1317 2846 1368 2909 iu-

257 2933 375 3004 sistant;
395 2943 428 2992 ut
447 2934 574 3016 populus
594 2935 645 3015 qui
664 2957 798 3021 pugnare
818 2939 918 3017 debet,
935 2939 1090 3000 auxiliante
1105 2939 1249 3016 Domino,
1267 2939 1367 3002 victor

205 3033 210 3044 “
257 3027 370 3104 exulat,
391 3037 422 3088 et
440 3047 503 3088 uon
522 3027 561 3090 sit
580 3028 725 3092 Sacerdos
746 3032 820 3094 sicut
839 3033 975 3116 populus.
1018 3032 1138 3113 Reliqui
1162 3053 1234 3094 vero
1255 3032 1306 3112 qui
1325 3033 1367 3092 ad

256 3121 403 3184 Ecclesiae
422 3119 487 3182 suas
505 3133 674 3199 remanent,
702 3146 770 3212 suos
795 3127 929 3188 homines
955 3127 1033 3188 bene
1053 3139 1179 3188 armatos
1198 3125 1368 3202 nobiscum,

257 3227 308 3278 aut
328 3237 394 3278 cum
415 3214 519 3296 quibus
538 3215 716 3293 iusserimus,
736 3218 877 3300 dirigam
897 3231 927 3280 et
946 3220 1002 3300 ipsi
1021 3241 1077 3300 pro
1097 3219 1184 3280 nobis
1204 3229 1236 3279 et
1254 3231 1367 3280 cuncto

258 3309 388 3370 exercitu
407 3323 512 3392 nostro
531 3309 643 3386 Missas,
663 3309 802 3387 letanias,
822 3310 999 3390 oblationes,
1024 3313 1224 3396 eleemosynas
1244 3313 1367 3390 faciant,

257 3411 377 3462 orantes
396 3403 494 3462 Deum
520 3403 591 3464 casti
614 3415 647 3463 ut
665 3403 853 3486 proficiamus
872 3407 903 3474 in
923 3407 1030 3468 itincre
1050 3427 1109 3486 quo
1129 3407 1294 3489 pergimus,
1317 3405 1366 3468 ri-

258 3502 425 3580 ctoresque,
443 3495 512 3554 Deo
524 3496 770 3574 amminiculante,
790 3500 951 3562 existamus.
990 3501 1104 3562 Gentes
1119 3499 1198 3561 enim
1219 3509 1250 3560 et
1263 3499 1367 3581 Reges

258 3603 453 3667 earum-quae
473 3586 650 3649 Sacerdotes
669 3609 767 3649 seeum
786 3611 919 3675 pugnare
938 3595 1143 3674 permiserunt,
1163 3613 1219 3654 nec
1238 3611 1367 3674 praeva-

257 3677 360 3740 lebant
378 3679 410 3740 in
430 3679 523 3758 bello,
542 3699 598 3740 nec
617 3681 743 3742 victores
764 3685 949 3759 exstiterunt3
968 3687 1036 3766 quia
1056 3708 1118 3748 nou
1137 3698 1202 3748 erat
1218 3687 1367 3748 differen-

257 3769 299 3830 tia
317 3769 396 3846 inter
414 3775 520 3835 Laicos
540 3787 571 3836 et
589 3775 781 3854 Sacerdotes,
806 3778 911 3858 quibus
934 3801 1069 3863 pugnare
1094 3801 1157 3842 non
1176 3791 1221 3842 est
1239 3779 1368 3845 licitum.

258 3863 341 3926 Haec
360 3883 433 3928 vero
453 3867 627 3945 Galliarum,
646 3869 862 3951 Hispaniarum,
881 3871 1164 3954 Langobardorum,
1188 3872 1368 3934 nonnullas-

259 3978 317 4040 que
337 3957 407 4020 alias
428 3957 541 4021 Gentes
562 3973 592 4021 et
610 3963 708 4045 Reges
727 3983 827 4024 earum
846 3964 951 4026 iecisse
966 3967 1173 4049 cognorimus3
1193 3987 1267 4048 quae
1286 3987 1367 4047 pro—

257 4063 326 4131 pter
344 4051 528 4134 praedictum
552 4055 788 4118 celandissimum
813 4059 922 4136 scelus,
949 4079 1004 4119 nec
1029 4060 1157 4122 victores
1178 4059 1368 4138 exstiterunt,
1392 4103 1398 4114 ,

257 4165 315 4206 nec
334 4146 442 4226 patrias
466 4148 660 4207 retinuerunt.
706 4149 805 4224 Quam
829 4152 944 4216 lorcam
971 4165 1106 4216 caventes
1131 4153 1273 4214 malumus
1293 4173 1368 4216 cum

258 4239 358 4316 paucis
379 4252 409 4300 et
428 4238 515 4300 licitis
533 4239 667 4302 Domino
687 4263 777 4323 opem
796 4245 927 4322 ferente,
955 4247 1083 4309 victores
1102 4248 1242 4323 existere,
1272 4267 1369 4326 quam

259 4347 326 4389 cum
345 4333 442 4392 multis
463 4343 493 4394 et
511 4331 631 4400 inlicitis
649 4337 744 4420 terga,
765 4339 845 4418 quod
864 4338 950 4417 absit,
969 4352 1086 4402 vertere
1107 4353 1137 4401 et
1156 4363 1222 4403 eum
1241 4341 1369 4422 praedi-

217 4441 219 4446 ·
258 4420 313 4483 ctis
333 4425 470 4502 gentibus
489 4432 596 4510 perire.
635 4431 739 4508 Qualis
756 4429 838 4496 enim
856 4431 980 4498 victoria
1006 4435 1091 4498 datur
1109 4433 1162 4496 ubi
1180 4435 1368 4500 Sacerdotes
