2900 5086
712 731 902 854 cxxxix,
927 771 962 818 α.
1322 807 1324 814 ,

320 949 322 956 Α
425 873 569 932 nunr-
587 875 696 934 vlu.
719 873 924 950 mosano·
946 874 1120 940 nomos
1134 873 1255 932 nuria
1323 899 1328 908 ·

500 995 563 1046 pro
581 977 716 1032 Otbone
735 983 756 1035 Ι.
791 979 1000 1046 Imperatore
1017 980 1176 1044 Angusto.

287 1066 329 1120 De
340 1065 396 1118 iure
407 1075 431 1114 et
439 1056 564 1132 potestate
574 1061 683 1129 eligendi
697 1066 833 1120 Summum
845 1062 1006 1124 Pontificem,
1020 1073 1045 1112 et
1056 1060 1195 1112 ordinandi
1206 1060 1390 1130 Apostolicana

288 1153 392 1214 sedem,
409 1146 607 1218 dignitatemque
624 1147 774 1212 Patricittus
788 1150 823 1215 ¹),
840 1146 946 1217 insuper
957 1145 1222 1216 Arebiepiscoponsua
1241 1160 1265 1198 tt
1282 1145 1390 1216 Episco-

676 1253 773 1304 porum
797 1229 1001 1300 investierint).
1118 1227 1121 1236 “

348 1375 497 1439 Convenit
515 1363 692 1458 Apostolico
717 1374 918 1435 moderamine
944 1371 1123 1456 pollentibus
1141 1371 1292 1433 benevola
1312 1395 1387 1434 com-

287 1469 423 1552 passione
443 1483 613 1532 succurrere
635 1479 665 1555 et
688 1469 855 1549 potentium
875 1467 979 1534 animis
1001 1466 1089 1526 alacri
1110 1465 1271 1526 devotione
1294 1487 1385 1528 assen-

286 1585 349 1626 sum
374 1561 528 1644 praebere.
567 1561 611 1624 Ex
635 1561 693 1624 hoc
721 1561 798 1622 enim
824 1561 898 1622 lucri
922 1560 1104 1642 potissimum
1130 1559 1296 1639 praemium
1316 1562 1386 1640 apud

287 1655 475 1722 conditorem
496 1657 627 1717 omniurn
645 1655 801 1737 reperitur.
832 1653 951 1715 Deinde
972 1641 1090 1734 qubque
1112 1661 1142 1711 et
1160 1665 1301 1712 cunctum
1321 1654 1386 1714 Cle-

286 1771 368 1828 rum,
394 1761 424 1810 et
443 1761 561 1810 ornnem
580 1750 723 1832 p'opulum
742 1748 895 1823 asserimus
916 1764 978 1809 esse
1000 1745 1194 1820 concordem,
1220 1757 1253 1806 et
1272 1747 1311 1807 ad
1329 1767 1383 1806 me-

284 1843 390 1904 liorem
410 1851 516 1904 statum
536 1843 602 1905 iore
622 1843 808 1924 productum.
845 1835 946 1922 Atrine
966 1841 1045 1915 idco,
1066 1839 1134 1920 quia
1153 1837 1228 1899 iuste
1250 1851 1281 1900 et
1300 1840 1382 1900 ratio-

284 1935 425 1997 nabiliter
448 1948 548 1996 nostra
572 1935 718 1996 humilitas
742 1947 845 1996 nostro
865 1933 1054 2016 Apostolatui
1069 1929 1228 1995 ¹humiliter
1253 1935 1384 2012 postulat,

287 2042 429 2110 quatenus
448 2027 632 2110 gratulantur
656 2041 846 2112 peragrantes
866 2029 1004 2089 Sanctam
1023 2025 1177 2108 Synodunr
1197 2037 1297 2087 vestro
1318 2047 1383 2086 con-

284 2121 351 2184 silio
372 2130 582 2204 congregatam
601 2119 781 2188 Patriarcho.
793 2119 995 2197 Lateranensi,
1014 2119 1046 2179 in
1061 2117 1194 2178 Ecclesia
1210 2117 1315 2178 Sancti
1324 2118 1382 2179 Sal-

284 2216 394 2296 satoris
412 2213 599 2275 constitutam
620 2233 636 2276 a
660 2216 794 2296 pluribus
812 2216 881 2278 'viris
902 2213 1077 2287 Catholicis,
1100 2211 1259 2292 Episcopis
1278 2223 1307 2272 et
1321 2211 1384 2271 Ab·

283 2307 416 2384 batibus,
448 2308 567 2388 insuper
593 2301 743 2372 iudicibus
769 2323 799 2371 et
822 2309 911 2393 Legis
938 2305 1136 2381 Doctoribus,
1167 2305 1382 2388 promulgantes

285 2399 411 2482 qualiter
430 2401 528 2480 quiete
542 2397 579 2462 'et
598 2403 719 2482 pacifice
739 2413 815 2464 stare
837 2415 866 2464 et
884 2403 983 2464 virere
1001 2400 1167 2474 valeamus,
1186 2399 1380 2479 praesentibus

285 2493 422 2556 omnibus
443 2506 473 2554 et
492 2495 613 2576 singulis
632 2497 802 2578 regionibus
822 2495 905 2556 huius
926 2493 1018 2556 almae
1039 2493 1119 2554 urbis
1139 2491 1271 2569 Romae,
1302 2505 1331 2553 et
1352 2511 1379 2550 er

284 2587 422 2649 omnibus
442 2587 593 2648 ordinibus
612 2585 696 2650 Cleri
717 2601 746 2650 et
770 2579 890 2672 populi,
923 2587 1116 2650 asserentibus
1137 2599 1167 2648 et
1187 2585 1379 2648 confirmanti-

284 2681 338 2742 bus
364 2701 418 2762 per
444 2681 557 2756 omnia,
585 2694 618 2742 ut
643 2683 757 2743 baeresi
784 2697 813 2743 et
828 2683 1032 2742 'altercatione'
1051 2701 1084 2741 ac
1111 2681 1190 2741 omni
1215 2699 1319 2740 errore
1338 2699 1378 2738 er-

283 2773 368 2854 pulso
389 2773 544 2852 (quoniam
563 2774 607 2834 bis
626 2770 807 2852 temporibus
828 2789 912 2834 error
928 2794 962 2834 ex
977 2773 1035 2834 hoc
1050 2793 1215 2835 accrescere
1234 2773 1379 2845 cernitur,)

251 2927 261 2937 ,
285 2863 467 2924 discernatur
485 2874 544 2922 tarn
568 2865 603 2923 de
623 2865 759 2926 Romano
780 2863 910 2948 Imperio
936 2882 1022 2950 quam
1048 2869 1084 2928 de
1109 2866 1285 2947 Apostolica
1305 2864 1376 2925 Sede

241 2955 245 2963 ’
284 2977 318 3018 ao
343 2954 486 3039 dignitate
512 2955 702 3035 Patriciatus,
735 2971 765 3020 et
790 2959 826 3020 de
850 2959 1028 3023 investituris
1058 2959 1294 3041 Episcopatuum.
1332 2957 1380 3016 Id-

285 3050 363 3112 circo
391 3049 427 3110 ad
452 3051 615 3132 exemplum
643 3051 722 3113 beati
742 3045 895 3130 Adriani,¹
911 3053 994 3114 Sedis
1015 3048 1381 3134 Apostolicaebuiusmodi

212 3187 216 3196 r
282 3143 438 3226 Episcopi,
458 3144 537 3206 cuius
557 3143 645 3209 vitam
665 3159 696 3206 et
714 3147 862 3208 actionem
882 3148 949 3207 satis
970 3147 1124 3207 discretam
1144 3145 1317 3219 audivimus,
1338 3141 1381 3222 qui

282 3237 466 3300 rationabilis
487 3239 643 3300 admodum
663 3239 720 3301 suis
740 3237 939 3320 spiritualibus
959 3240 1159 3302 sanctionibus
1181 3239 1313 3298 Domino
1328 3237 1379 3298 Ca-

283 3332 350 3392 rolo
378 3329 618 3396 victoriosissimo
645 3335 723 3418 Regi
747 3335 929 3397 Francorum
956 3346 987 3395 et
1011 3331 1277 3414 Langobardorum
1302 3329 1380 3414 regni

283 3424 386 3483 Italiae
417 3435 447 3483 et
476 3425 649 3489 Patriciatus
681 3430 854 3512 dignitatem
884 3451 918 3490 ac
949 3427 1166 3490 ordinationem
1192 3423 1279 3486 Sedis
1300 3425 1378 3505 Apo-

284 3515 404 3576 stolicae
422 3520 567 3578 concessit
585 3522 706 3600 insuper
726 3535 755 3583 et
767 3523 997 3604 Episcopatuum
1016 3521 1210 3594 investituras,
1230 3519 1312 3581 velut
1330 3517 1379 3599 ipsi
1427 3571 1428 3590 ,

287 3607 462 3671 discretione
489 3623 529 3670 eb
541 3615 706 3674 reverentia
725 3616 839 3676 libitum
859 3618 963 3692 fucrit,
993 3626 1111 3696 praeter
1132 3634 1204 3694 quos
1225 3623 1285 3672 tam
1304 3612 1379 3672 Pon·
1427 3635 1428 3676 t

282 3699 354 3760 tifici
373 3722 499 3772 summae
520 3705 603 3766 Sedis
626 3712 718 3786 quam'
730 3709 969 3790 Archiepiscopis
988 3709 1051 3792 ipse
1073 3709 1197 3772 Carolus
1216 3706 1343 3786 reliquit
1427 3695 1428 3754 ss

339 3799 367 3858 2.
405 3794 501 3874 Igitur
525 3820 580 3860 nos
599 3801 704 3881 Leot)
725 3801 832 3863 Servus
857 3824 1009 3865 servorum
1034 3799 1109 3878 Dei,
1136 3802 1319 3882 Episcopus,
1348 3797 1379 3858 ad
1427 3799 1428 3856 3

282 3888 361 3948 idern
387 3889 549 3967 exemplum
575 3891 655 3953 beati
683 3893 820 3971 Adriani,
853 3918 918 3957 cum
944 3908 1051 3956 cuncto
1077 3894 1211 3956 similiter
1238 3893 1330 3955 Clero.
1354 3900 1379 3949 et

282 3981 419 4042 universo
451 3983 562 4060 populo
588 3985 741 4064 Romano,
772 3991 966 4069 omnibusque
999 3987 1149 4050 orllinibus
1178 3987 1262 4046 buius
1292 3984 1377 4045 almae

282 4074 385 4150 Urbis,
415 4073 490 4135 sicut
509 4073 539 4133 in
560 4077 617 4139 suis
637 4081 785 4161 scripturis
806 4094 944 4163 apparet,
974 4083 1192 4156 constituimus,
1224 4092 1254 4140 et
1275 4079 1377 4139 confir·
1427 4093 1428 4100 ¹

184 4169 191 4179 “
282 4189 402 4243 mamus,
423 4181 453 4228 et
473 4169 709 4248 corroboramus,
730 4188 759 4234 et
779 4196 832 4256 per
852 4187 983 4244 nostrum
1002 4174 1204 4256 Apostolicarn
1224 4172 1376 4234 auctorita-

194 4259 196 4269 '
277 4269 341 4319 tem
360 4255 546 4324 concedimus
564 4274 659 4344 ,atque
683 4267 822 4348 largimur
841 4270 961 4332 Domno
983 4266 1110 4328 Ottboni
1129 4267 1247 4344 Primo,
1267 4267 1375 4326 Teuto-

262 4351 361 4427 nico,
379 4353 457 4436 Regi
478 4357 663 4440 doctissimo,
1046 4351 1051 4356 ¹
1286 4345 1301 4362 ⁰

327 4445 398 4531 '[·3·]
438 4447 590 4530 spirituali
614 4451 646 4514 iu
667 4449 786 4518 Christo
810 4453 1000 4546 artonosco
1027 4453 1146 4540 eiusque
1166 4450 1375 4520 successoribus
