2908 5094
329 497 332 512 .
751 397 839 468 151
917 425 919 436 “

244 560 295 623 stis
313 556 408 642 gratia
431 553 658 638 praedicationis
681 553 741 616 sive
767 510 969 632 adauisitionis
993 550 1136 632 patefecit
1159 551 1282 626 ostium,
1308 549 1360 612 ita

247 663 281 713 ut
300 651 457 720 multitudo
477 647 636 734 hincinde
662 647 699 708 ad
721 647 809 708 iidem
830 645 939 706 Christi
959 645 1255 725 couversa'mysteria
1275 665 1355 706 coe-

245 745 329 808 lestia
354 739 607 823 ecclesiasticaque
636 740 763 802 subsidia
795 739 1030 802 desiderabiliter
1048 749 1213 818 expeteret.
1255 739 1354 802 Unde

245 833 378 900 Domino
404 839 472 899 Deo
498 847 602 896 nostro
632 833 731 894 laudes
754 834 911 893 immensas
939 819 1141 912 persolventes
1173 830 1358 908 extollimus,

248 933 298 1014 qui
323 932 431 992 nostris
457 927 645 1010 temporibus
667 939 701 988 et
726 925 827 986 studiis
851 936 988 986 sanctam
1003 925 1183 1000 Ecclesiam,
1210 945 1357 1004 sponsam

232 1020 386 1086 ‘videlicet
409 1044 504 1098 suam,
534 1021 564 1081 in
595 1019 680 1113 loeis¹
702 1019 812 1100 ignotis
842 1018 1050 1078 sinitdilatari
1075 1031 1163 1098 atque
1191 1019 1356 1098 prolicere.

245 1115 449 1192 Quamobrem
473 1135 531 1176 una
563 1135 628 1176 carn
658 1109 868 1186 Sacerdotibus
898 1111 1080 1192 caeterisque
1109 1113 1226 1193 imperii
1253 1115 1357 1178 nostri

245 1208 396 1270 Fidelibus
421 1211 497 1270 hanc
515 1209 583 1268 Deo
604 1207 723 1288 dignans
743 1216 896 1266 cernentes
921 1223 1034 1264 causam
1054 1203 1137 1266 valde
1156 1209 1355 1270 neeessariam

184 1299 185 1306 '
239 1305 335 1380 'atque
355 1302 469 1364 futurae
487 1299 638 1366 Ecclesiae
659 1297 794 1380 dignitati
818 1299 995 1377 proficuam,
1020 1297 1140 1377 dignum
1166 1301 1296 1362 durium
1317 1315 1357 1363 ut

247 1393 346 1454 locum
366 1407 466 1476 aptum
485 1394 592 1454 nostris
612 1391 768 1452 infinibus
791 1391 952 1452 evidentius
975 1390 1161 1472 eligeremus,
1179 1394 1232 1456 ubi
1249 1398 1354 1458 sedem

247 1487 446 1570 episcopalem
466 1507 521 1568 per
540 1485 736 1546 hocnostrae
749 1483 928 1546 auctoritatis
942 1496 1132 1564 praeceptum
1149 1499 1355 1567 statueremus,

243 1581 322 1642 unde
343 1601 445 1642 omnes
466 1579 534 1638 illae
555 1577 697 1638 barbarae
722 1578 861 1638 nationes
881 1591 1018 1638 aeternae
1043 1577 1118 1640 vitae
1144 1579 1283 1660 pabulum
1303 1585 1352 1644 ia-

229 1673 330 1734 ·cilius
350 1673 529 1752 uberiusque
549 1691 655 1751 capere
674 1670 816 1746 valerent,
836 1683 866 1732 et
882 1671 1012 1732 sitientes
1025 1669 1124 1732 salutis
1136 1675 1258 1754 gratiam
1279 1697 1355 1758 prae

245 1767 382 1828 manibus
401 1765 448 1830 vel
468 1764 560 1825 oculis
580 1764 734 1840 baberent,
753 1766 872 1846 insuper
892 1775 922 1824 et
933 1783 1107 1846 magnorum
1124 1769 1354 1852 progenitorum

245 1872 416 1922 nostrorum
435 1879 517 1922 sacra
536 1857 670 1916 lucrandi
690 1858 783 1918 studia
802 1857 909 1918 nostris
934 1857 965 1916 in
986 1857 1087 1917 diebus
1106 1879 1257 1940 nunquam
1277 1863 1354 1924 defi-

246 1965 357 2014 cerent
401 1951 547 2028 ,Genitor
578 1951 686 2010 etenim
723 1961 824 2011 noster
854 1949 1003 2032 gloriosae
1035 1953 1196 2013 memoriae
1226 1955 1355 2020 Karolus

245 2066 366 2108 omnem
396 2035 553 2104 Saxoniam
584 2042 795 2106 ecclesiastieae
826 2041 978 2126 Religioni
1010 2043 1154 2120 subdidit,
1192 2045 1355 2130 iugumque

247 2137 360 2200 Christi
379 2137 526 2217 adusque
545 2136 686 2208 terminos
705 2136 860 2198 Danorum
885 2149 972 2216 atque
993 2136 1164 2213 Slavorum,
1189 2141 1278 2202 corda
1307 2142 1356 2204 se-

248 2231 332 2292 rocia
353 2230 434 2292 ferro
460 2231 654 2310 perdomans,
686 2229 799 2303 docuit;
828 2229 881 2288 ubi
905 2229 984 2289 inter
1007 2229 1059 2290 has
1083 2243 1219 2310 utrasque
1244 2247 1357 2315 gentes

247 2312 404 2385 Darlbrum
423 2323 562 2384 videlicet
586 2313 646 2384 sive
671 2321 889 2400 Winedorun'r,
913 2323 1045 2384 ultimam
1070 2325 1211 2386 Saxoniae
1236 2331 1357 2406 partem

248 2418 343 2495 sitam,
363 2428 394 2478 et
413 2416 532 2477 diversis
552 2411 707 2497 periculis,
727 2428 756 2475 et
775 2415 986 2497 temporalibus
1010 2417 1147 2478 videlicet
1166 2429 1196 2478 et
1214 2419 1357 2502 spiritua-

246 2508 333 2585 libus,
352 2507 576 2571 iuteriaeentcm
596 2507 789 2590 prospiciens,
809 2509 1009 2590 pontificalem
1027 2509 1138 2571 ibidem
1162 2512 1262 2572 sedem
1287 2512 1356 2575 fieri

248 2601 379 2666 decrevit
396 2614 477 2664 tram
496 2602 635 2664 albiam..
661 2601 750 2661 Unde
770 2614 925 2682 postquam
951 2615 1059 2664 terram
1077 2603 1356 2690 Nordalbiirgorum

246 2693 340 2756 laxata
360 2695 540 2776 captivitate,
561 2713 645 2774 quam
667 2693 706 2754 ob
726 2695 847 2764 multam
866 2696 1018 2776 perfidiam
1038 2697 1069 2756 in
1090 2697 1159 2777 ipsis
1176 2697 1354 2780 Christiani.

246 2789 315 2850 tatis
329 2788 425 2848 ‘initiis
445 2798 588 2868 patratam
606 2806 663 2866 per
687 2787 874 2866 septennium
902 2789 978 2868 passi
997 2803 1080 2866 sunt,
1104 2811 1142 2852 ue
1162 2791 1246 2853 locus
1265 2793 1315 2855 ille
1337 2817 1355 2856 a

247 2879 380 2942 barbaris
399 2879 596 2952 invaderetur,
616 2877 766 2940 Ekeberlo
784 2877 895 2940 Comiti
906 2883 1058 2944 restituere
1070 2899 1356 2966 praeceperat-uon

246 2973 305 3034 iam
324 2965 427 3037 vilinis
447 2971 601 3054 Episcopis
620 2970 718 3032 locum
737 2971 819 3034 illurn
841 2976 1139 3054 committerevoluit,
1158 2980 1262 3041 sedne
1273 2982 1356 3060 quis·

249 3089 336 3148 quam
357 3067 553 3130 eorumbene
573 3065 630 3126 sibi
650 3065 788 3146 deinceps
807 3069 978 3148 parochiam
998 3069 1173 3148 vindicaret,
1200 3093 1234 3134 ex
1252 3095 1355 3136 remo-

249 3161 287 3222 tis
309 3161 425 3226 Galliae
445 3159 579 3240 partibus
597 3159 743 3238 quendam
763 3161 945 3240 Episcopum
964 3161 1143 3224 Amalarium
1164 3165 1286 3226 nomine
1306 3169 1355 3228 di·-

248 3246 333 3332 rexit,
352 3256 404 3336 qui
423 3251 598 3338 primitivam
618 3250 781 3314 Ecclesiam
807 3253 917 3314 ibidem
937 3269 1133 3319 consecraret
1178 3258 1240 3320 Sed
1259 3251 1290 3320 et
1309 3262 1355 3322 ei-

250 3415 451 3431 m

248 3521 551 3578 m.'t'orr.11,p.·7ss.
578 3525 610 3567 So
628 3526 690 3569 nahe
707 3527 751 3570 der
770 3527 883 3572 Gedsnlc
900 3539 930 3572 ιιι
952 3529 1004 3589 eipe
1021 3531 1114 3590 spiitere
1131 3531 1301 3590 tnscrpotatton
1322 3549 1355 3580 au

250 3591 356 3635 Genetes
369 3587 410 3632 des
420 3587 625 3635 erzbischillliehen
642 3591 716 3635 Sitzes
728 3607 776 3636 von
794 3595 916 3654 llamburg
933 3597 1008 3655 liegt,
1026 3611 1051 3639 so
1069 3597 1135 3641 weist
1152 3598 1193 3642 ibn
1210 3599 1280 3644 l'ertz
1292 3601 1357 3644 doch

247 3657 344 3712 zurich,
358 3655 413 3700 weil
425 3653 543 3699 dieretben
556 3657 615 3700 oder
627 3669 688 3716 puna
699 3659 807 3702 iihnliche
823 3659 910 3704 Worte
927 3661 951 3706 iu
970 3663 1015 3706 den
1032 3663 1158 3721 Diplumen
1168 3667 1289 3727 'Gregor’s
1308 3669 1356 3724 lv,

249 3723 293 3766 der
305 3716 534 3767 ttrhrsdcsohsnns
550 3723 573 3766 X
587 3725 629 3768 scir
647 3725 692 3767 den
710 3725 853 3772 Erzbiscltof
866 3727 926 3772 Unni
945 3744 999 3774 voru
1014 3731 1076 3774 debr
1092 3733 1151 3788 stt,
1173 3733 1213 3778 dos
1237 3735 1358 3780 flonetius

248 3787 322 3842 lXin
341 3790 384 3833 der
402 3790 489 3834 Charte
505 3790 546 3832 stis·
562 3790 607 3834 den
628 3791 771 3835 ttrzbischot
790 3792 904 3838 Adelbert
921 3811 975 3854 vprn
992 3798 1066 3842 Jebre
1085 3802 1145 3842 1042
1161 3801 1219 3854 oder
1230 3805 1287 3845 1043
1304 3803 1355 3846 und

247 3855 373 3902 melareren
394 3857 497 3899 anderen
513 3855 642 3900 Urnundeu
660 3871 706 3900 von
730 3858 808 3903 victor
821 3860 844 3902 ll
857 3861 952 3918 '(1055),
970 3862 1086 3908 Innocens
1099 3865 1125 3908 ll‘
1141 3868 1218 3920 (11³3)
1242 3882 1265 3915 u.
1283 3883 1302 3913 s.
1321 3883 1354 3918 nr.

249 3925 411 3969 vorhommeu.
439 3923 463 3968 8.
477 3922 654 3980 Staphorst,
669 3923 796 3982 hamburg.
813 3925 991 3984 Kirchengesch.
1007 3931 1054 3974 Tb.
1068 3933 1089 3988 1,
1104 3933 1149 3976 Bd.
1160 3933 1180 3986 l,
1194 3932 1218 3980 S.
1234 3937 1262 3980 26
1274 3935 1355 3996 folgd.

248 3990 338 4034 Ferner
347 3989 435 4046 spricbt
448 4002 523 4048 gegen
532 3989 584 4032 eine
594 3991 765 4047 interpolation
781 3994 823 4036 sier
837 3994 908 4037 Stellc
923 3995 947 4038 in
961 3997 1003 4040 der
1013 3999 1061 4040 vito
1075 3997 1117 4044 Sti,
1130 3999 1249 4056 rimberti,
1263 4014 1317 4058 cap.
1331 4009 1356 4048 1.

246 4057 329 4106 (Perta
342 4069 365 4102 s.
379 4068 401 4101 ι.
416 4055 466 4111 0.),
479 4057 625 4114 wenngleisb
637 4059 676 4102 die
691 4060 807 4118 annlogen
817 4061 901 4104 Worte
913 4061 938 4104 in
952 4062 995 4104 der
1011 4063 1110 4109 VltuSts'
1119 4066 1238 4123 Ambusti,
1253 4073 1356 4126 cep.13,

248 4124 320 4168 Perta
335 4125 367 4179 ll,
384 4138 411 4181 p.
428 4127 471 4168 ὑοῦ
483 4125 544 4168 nauh
559 4125 612 4168 dem
625 4124 735 4180 Diplouae
748 4125 860 4182 Gregor's
870 4127 901 4172 tv
913 4127 1046 4184 interpollet
1058 4133 1109 4179 sein
1126 4136 1217 4193 mdgen.
1243 4134 1284 4178 leb
1298 4136 1357 4180 sebo

247 4187 333 4243 ledocb
345 4191 431 4234 keineu
446 4191 528 4236 Grund
543 4193 590 4246 ein,
603 4190 705 4236 weshelb
716 4203 747 4235 en
760 4191 835 4235 einem
848 4193 906 4238 Orte
919 4194 976 4238 elaea·
988 4198 1048 4242 oder
1065 4198 1169 4258 weniger
1179 4200 1232 4244 eine
1245 4201 1357 4260 luterpo·

248 4253 320 4298 lation
336 4257 497 4301 anuunehmen
508 4258 552 4314 soi,
565 4259 600 4300 uls
608 4269 639 4300 en
652 4255 705 4302 deur
714 4257 825 4304 anderen.
844 4260 885 4304 Alc
898 4263 1085 4310 mutbnresslicbe
1098 4267 1205 4310 Urheber
1217 4269 1258 4314 des
1269 4269 1357 4314 Bata-u-

247 4333 289 4430 gus
306 4326 383 4371 (wcnn
396 4324 462 4370 siner
475 4327 537 4368 State
554 4323 683 4382 gerunden)
703 4331 775 4368 nenut
794 4324 946 4384 hengebach,
966 4330 1011 4377 den
1032 4332 1296 4382 Erebisehol'sldelbut
1307 4351 1357 4384 von

272 4401 370 4435 remen.
694 4427 697 4434 .
874 4433 877 4442 .
938 4421 952 4428 ι-
