2960 5094
747 421 751 437 ¹
767 393 825 466 80

247 519 423 636 vastatisque
445 553 593 638 indigenis
622 563 653 613 et
677 501 721 612 adx
737 546 960 610 internitionem
987 561 1064 626 pene
1090 542 1209 619 deletis,
1238 555 1347 613 terram

147 681 150 690 ⁴
248 671 352 724 eorum
370 649 447 710 iuxta
467 646 714 730 pollicitationem
733 665 812 707 suam
830 638 992 704 victoribus
1005 639 1160 722 delegavit.
1201 639 1263 715 Qui
1284 662 1351 704 eam

248 754 330 808 rorte
350 741 540 824 dividentes,
558 761 623 804 curn
644 739 729 800 multi
754 759 788 798 ex
807 735 847 798 eis
873 735 905 795 in
925 732 1006 796 bello
1027 733 1217 808 cecidissent,
1242 747 1273 795 et
1290 757 1352 817 pro

192 909 202 924 .
247 837 491 906 raritate.·eorum
510 845 574 895 tota
594 833 631 894 ab
653 833 694 894 eis
715 829 854 912 occupari
873 849 937 890 non
956 828 1068 908 potuit,
1083 839 1197 907 partem
1211 829 1299 906 illius,
1320 843 1353 892 et
1386 833 1391 840 '

248 947 315 990 eam
335 927 557 1008 quammaxime
577 947 652 1010 quae
662 923 782 1005 respicit
802 925 958 996 orientem,
978 921 1092 982 colonis
1102 921 1270 1000 tradebant,
1289 925 1352 985 siu-

201 1007 205 1018 ’
249 1017 312 1104 guli
331 1041 388 1102 pro
408 1033 488 1082 sorte
508 1041 575 1097 sua,
599 1019 651 1080 sub
667 1019 787 1079 tributo
808 1016 1007 1108 exercendam.
1053 1014 1162 1076 Cetera
1186 1037 1258 1078 vero
1285 1017 1353 1080 loca

249 1113 306 1194 ipsi
324 1114 520 1195 possiderunt
557 1116 585 1176 Α
603 1111 726 1190 meridie
747 1111 864 1192 quidem
875 1110 1005 1170 Francos
1026 1107 1168 1172 babentes
1189 1121 1220 1170 et
1237 1124 1353 1192 partem

251 1207 491 1290 Thuringorum,
511 1203 784 1287 quor'praecedens
804 1203 917 1266 hostilis
936 1202 1023 1264 turba
1042 1224 1105 1264 non
1125 1205 1239 1288 tetigit,
1258 1215 1289 1265 et
1307 1205 1353 1264 al-

181 1320 185 1332 ·
250 1317 308 1362 veo
325 1299 455 1362 fluminis
477 1301 639 1362 Uustrotae
659 1299 843 1360 dirimuntur.
882 1298 910 1358 Α
935 1296 1140 1378 septentrione
1158 1319 1231 1360 vero
1251 1299 1353 1360 Nord-

167 1457 173 1470 .
248 1409 390 1468 mannos,
413 1403 517 1473 gentes
543 1391 745 1454 ferocissimas.
791 1391 838 1453 Ab
856 1403 934 1452 'ortu
959 1401 1055 1450 autem
1080 1391 1150 1450 solis
1176 1392 1355 1468 Obodritos,

249 1495 281 1546 et
300 1485 336 1546 ab
359 1497 465 1564 oqmt'su
482 1484 594 1562 Frisos,
614 1507 631 1546 a
651 1485 757 1566 quibus
777 1487 839 1546 sine
859 1483 1077 1546 intermissione
1097 1484 1143 1546 vel
1163 1485 1286 1546 foedere
1304 1484 1354 1545 vel

250 1565 476 1640 concor-titione
496 1579 662 1640 necessario
683 1579 786 1640 finium
806 1597 925 1639 suorum
945 1578 1041 1658 spacia
1052 1576 1221 1642 tuebantur.
1259 1579 1356 1640 Erant

178 1688 187 1710 f
250 1669 330 1732 euim
355 1670 481 1750 inquieti
506 1671 591 1733 nimis
617 1685 648 1734 et
672 1673 865 1734 finitimorum
890 1671 1008 1732 sedibus
1033 1669 1149 1747 infesti,
1175 1673 1255 1733 domi
1280 1693 1355 1734 vero

248 1763 346 1844 pacati
366 1775 396 1823 et
415 1763 522 1824 civium
541 1765 713 1828 utilitatibus
726 1766 841 1848 placida
861 1763 1045 1845 benignitate
1064 1759 1260 1826 consulenies.
1291 1765 1357 1826 Ge·
1391 1767 1396 1771 ’

249 1855 329 1916 neris
350 1875 470 1938 quoque
494 1879 528 1919 ac
548 1857 711 1920 nobilitatis
735 1879 804 1920 suae
824 1857 1059 1939 providissimam
1080 1879 1179 1918 curam
1200 1859 1357 1936 babentes,

250 1969 307 2010 nec
321 1951 356 2027 ¹)
379 1950 465 2012 facile
491 1951 578 2013 ullius
599 1952 720 2014 aliarum
740 1953 873 2036 gentium
897 1952 946 2014 vel
971 1950 1027 2013 sibi
1046 1952 1220 2012 inferiorum
1241 1973 1357 2014 connu-

249 2040 306 2103 biis
325 2043 439 2120 iufecti,
459 2045 610 2126 propriam
630 2058 661 2107 et
679 2047 823 2110 sinceram
844 2058 875 2106 et
893 2058 1006 2110 tautum
1026 2046 1072 2107 sui
1091 2046 1213 2106 similem
1234 2057 1356 2129 gentem

86 2121 108 2224 ¹,
182 2190 189 2201 ,
250 2133 349 2196 facere
369 2137 468 2198 conati
482 2150 559 2199 suut:
605 2141 693 2203 Unde
713 2141 828 2202 habitus
848 2159 970 2220 qnoque
998 2159 1033 2198 ac
1052 2138 1225 2219 magnitudo
1245 2159 1358 2218 eorpo-

249 2247 316 2288 rum
335 2249 496 2312 corumque
517 2233 611 2310 color,
630 2245 769 2314 tanquam
788 2235 820 2292 iu
839 2243 923 2292 tanto
943 2230 1096 2292 bominum
1115 2241 1258 2307 numero,
1275 2231 1357 2292 idem

250 2339 347 2402 paene
373 2323 519 2386 omnibus.
566 2327 704 2402 Quatuor
723 2325 813 2407 igitur
838 2323 1012 2384 differentiis
1038 2344 1111 2407 gens
1135 2323 1185 2384 illa
1212 2323 1359 2402 consistit,

250 2412 397 2474 nobilium
413 2415 569 2478 scilicetet
586 2418 760 2494 liberorum,
779 2416 955 2478 libertorum
969 2420 998 2493 ²)
1018 2428 1278 2498 atqueservorum.
1316 2419 1359 2478 Et

251 2503 283 2564 id
302 2504 417 2587 legibus
436 2508 597 2586 firmatum,
623 2521 657 2570 ut
680 2509 760 2570 nulla
780 2531 847 2590 pars
873 2510 905 2570 iu
926 2509 1098 2591 copulandis
1119 2511 1263 2595 coniugiis
1282 2532 1356 2593 pro-

212 2591 218 2605 “
250 2595 334 2676 priae
355 2599 441 2659 sortis
461 2603 603 2665 terminos
623 2605 798 2682 transferat,
823 2604 875 2666 sed
894 2604 1004 2665 nobilis
1023 2603 1156 2665 nobilem
1177 2605 1265 2666 ducat
1283 2625 1358 2666 nro-

250 2709 333 2764 rern,
358 2701 389 2750 et
408 2691 486 2754 liber
505 2694 646 2774 liberam,
672 2699 795 2760 libertus
821 2697 1018 2778 coniungatur
1037 2696 1178 2775 libertae,
1205 2710 1236 2759 et
1257 2719 1358 2764 servus

252 2781 386 2843 ancillae.
437 2784 471 2846 si
502 2808 573 2849 vero
611 2791 754 2872 quispiam
780 2791 886 2852 horum
915 2790 972 2854 sibi
1001 2811 1063 2852 uon
1089 2803 1302 2874 congruentem
1327 2805 1359 2853 et

252 2893 366 2970 genere
381 2882 638 2957 *praestantiorem
663 2885 777 2946 duxerit
802 2905 940 2960 uxorem,
965 2905 1031 2944 cum
1056 2884 1134 2946 vitae
1159 2905 1228 2945 suae
1249 2885 1367 2946 damno

252 2981 423 3050 componat.
1036 2995 1039 3002 ·
1243 3043 1245 3048 .

329 3061 460 3146 Legibus
481 3055 568 3128 etiam
588 3071 625 3132 ad
637 3071 794 3136 vindictam
814 3071 1038 3132 malefactorum
1053 3071 1169 3152 optimis
1189 3070 1358 3132 utebantur.

252 3153 293 3214 Et
311 3155 402 3218 multa
428 3159 510 3220 utilia
531 3173 620 3244 atque
639 3166 799 3226 secundum
825 3163 923 3248 legem
942 3173 1064 3223 naturae
1084 3164 1208 3224 honesta
1234 3165 1266 3224 in
1289 3185 1357 3225 mo-

253 3263 321 3306 rum·
337 3249 487 3328 probitate
512 3255 622 3317 habere
643 3260 831 3336 studuerunt,
859 3277 934 3340 quae
955 3256 996 3318 eis
1022 3247 1059 3317 ad
1080 3277 1178 3318 veram
1199 3257 1358 3320 beatitudi-

158 3369 166 3388 ι
253 3357 323 3397 nem
343 3347 568 3420 promerendam
588 3351 734 3430 proficere
754 3353 930 3436 potuissent,
949 3352 973 3412 si
990 3351 1042 3435 ign
1061 3351 1204 3413 orantium
1215 3353 1358 3414 creatoris

253 3432 299 3493 sui
318 3453 381 3492 non
401 3434 560 3514 haberent,
581 3453 611 3500 ct
630 3464 646 3502 a
665 3449 787 3507 veritate
808 3447 938 3507 culturae
958 3445 1035 3504 illius
1056 3465 1117 3504 uon
1142 3453 1240 3502 essent
1258 3443 1358 3506 alieni.

257 3523 423 3586 Coluerunt
443 3528 521 3588 enim
542 3551 608 3607 cos,
635 3537 685 3615 qui
704 3551 808 3599 natura
833 3558 896 3598 nou
917 3549 1002 3598 erant
1021 3537 1077 3595 dii:
1102 3537 1181 3596 inter
1201 3537 1275 3618 quo‘s
1294 3561 1360 3600 ma-

254 3618 330 3679 xime
341 3619 520 3682 Mercurium
536 3625 567 3703 ³)
586 3628 813 3708 venerabantur,
833 3631 880 3691 cui
900 3631 987 3692 certis
1008 3629 1111 3691 dicbus
1131 3629 1263 3692 humanis
1281 3655 1358 3712 quo-

255 3731 314 3791 que
334 3711 438 3774 hostiis
457 3715 543 3778 litare
564 3735 785 3783 consueverant
824 3723 907 3785 Deos
926 3746 995 3786 suos
1015 3745 1113 3806 neque
1132 3723 1249 3806 templis
1261 3726 1357 3787 inclu-

256 3804 337 3880 dere,
356 3826 453 3886 neque
474 3809 551 3872 ullae
571 3811 689 3874 humani
710 3815 768 3878 oris
788 3816 899 3897 speciei
918 3817 1082 3879 adsimilare
1103 3839 1137 3879 ex
1155 3819 1358 3901 magnitudine

256 3908 288 3956 et
307 3897 450 3982 dignitate
470 3903 640 3966 coelestium
664 3909 796 3969 arbitrati
816 3921 893 3970 sunt.
936 3911 1034 3974 Lucos
1053 3933 1087 3972 ac
1107 3932 1228 3973 nemora
1252 3934 1357 3976 conse-

257 4003 394 4071 trantes„
413 3995 596 4077 deorumque
617 4002 788 4065 nominibus
808 4004 1008 4086 appellantes,
1032 4015 1178 4079 secretum
1203 4005 1359 4094 illudsola

257 4157 462 4180 mnu-⁴

288 4267 309 4320 Ι)
324 4258 461 4319 refodio
474 4295 575 4316 .....
590 4282 651 4326 pm
663 4273 767 4318 omen
779 4278 823 4322 err.
839 4275 916 4322 reeta
931 4275 1080 4320 mutan
1093 4288 1114 4323 o.
1129 4277 1153 4320 e.
1177 4275 1206 4320 r.

296 4346 319 4398 a)
336 4341 355 4383 Ι.
373 4333 507 4388 mistum.
531 4334 560 4388 Ρ,
953 4352 956 4369 ¹

297 4413 320 4462 t)
333 4400 495 4490 mergurien.
511 4431 518 4447 ·
536 4435 542 4450 .
559 4436 565 4450 .
580 4409 801 4469 temtabatur.
832 4410 910 4460 uude.
925 4421 949 4460 t.
965 4413 988 4460 9,
1009 4411 1036 4456 Ρ.
