2960 5094
637 389 696 458 66
1090 403 1096 432 ²
1174 451 1178 464 ,

125 546 227 607 XXII.
265 544 319 604 De
337 543 640 624 tempestatibus,
667 553 704 604 et
724 539 907 605 cornibus
927 553 963 604 et
983 541 1156 608 cochleis.

101 731 152 790 Et
170 728 388 790 Paenitentiale
409 724 599 818 Thuanum:¹

146 823 180 882 Si
211 821 375 886 observasti
399 821 572 883 traditiones
595 840 794 906 paganorum,
826 843 897 902 quas
923 821 1005 902 quasi
1032 820 1210 883 hereditario

143 916 219 992 iure,
239 913 362 976 diabolo
382 911 742 996 subministrante,'usque
761 913 792 974 in
811 914 866 976 bos
886 915 946 976 dies
967 924 1064 996 patres
1085 913 1151 975 filiis
1162 935 1211 976 re·
1302 991 1304 1002 Ι

144 1009 306 1088 liquerunt,
325 1009 419 1084 idest,
439 1019 471 1066 ut
484 1006 640 1083 elementa,
657 1008 825 1083 colores¹),
843 1008 951 1085 lunam,
971 1006 1064 1068 solem
1079 1007 1211 1068 autstel-

143 1089 239 1162 larum
260 1123 392 1176 cursum,
418 1122 526 1162 novam
546 1099 645 1160 lunam
665 1111 716 1159 aut
735 1097 883 1169 desectum
902 1101 997 1178 lunae,
1019 1111 1052 1160 ut
1070 1099 1127 1160 tuis
1149 1099 1210 1160 cla·

143 1194 280 1255 moribus
301 1203 351 1253 aut
369 1193 491 1270 auxilio,
517 1193 705 1274 splendorem
729 1193 790 1254 eius
817 1203 980 1254 restaurare
998 1192 1120 1255 valeres.
1162 1189 1211 1274 [S.

144 1285 242 1360 Retia,
262 1284 409 1346 Αιιιιιιιιιι.
427 1285 553 1368 Erl'alul„
576 1287 606 1347 S
626 1293 683 1352 300
702 1285 812 1368 lolgd]

165 1377 261 1440 XXII.
280 1377 330 1438 Da
341 1379 557 1467 tempestatibus,
573 1395 600 1443 et
615 1375 901 1441 romeisetcoebleis.
928 1373 1042 1437 Contra
1052 1388 1211 1460 tempesta

99 1473 168 1555 rios
180 1495 211 1531 ιιι
222 1471 304 1555 Lege
315 1473 559 1556 Wrsrgotborum
568 1474 622 1534 ιιι)
631 1471 687 1548 VI,
695 1465 763 1532 Τιι.
774 1472 807 1532 II
808 1471 886 1555 ,leg.
897 1469 959 1536 2
936 1493 978 1531 sic
989 1472 1210 1550 pronuntiatur
1259 1479 1272 1490 ⁶

142 1565 271 1626 Malefici
291 1579 322 1626 et
340 1565 517 1628 immissores
534 1560 751 1652 tempestatum,
771 1566 821 1646 qui
842 1558 1043 1644 quibusdam
1033 1562 1211 1624 incantatio-

141 1658 231 1719 nibus
248 1659 461 1768 grandinem
452 1681 484 1718 ιιι
502 1660 600 1722 vineas
620 1659 787 1740 messesque
812 1659 929 1720 mittere
948 1649 1168 1738 perhibentur,
1182 1665 1213 1716 et

142 1751 185 1829 bi,
206 1751 257 1834 qui
276 1774 335 1833 per
351 1751 572 1815 invocationem
592 1752 768 1812 daemonum
786 1764 899 1812 mentes
918 1750 1071 1812 bominum
1088 1760 1211 1810 contur-

142 1843 227 1920 bant,
246 1867 299 1906 seu
319 1845 370 1954 ιιιιι
389 1858 534 1908 nocturna
550 1845 691 1906 sacrificia
710 1845 903 1906 daemonibus
919 1828 1081 1920 celebrant,
1101 1861 1212 1950 eosque

142 1959 199 2016 per
218 1935 423 2000 invocationes
447 1938 576 2000 nefarias
601 1938 738 2016 nequiter
755 1939 909 2046 invocant.
934 1937 1104 2025 ubicunque
1129 1935 1212 1995 aiu-

145 2029 212 2093 dice
231 2029 280 2088 vel
302 2041 403 2088 actore
421 2031 468 2089 vel
488 2041 680 2108 procuratore
690 2029 751 2090 loer
769 2009 883 2121 reperti
901 2029 1012 2091 suerint
1030 2027 1076 2091 vel
1091 2013 1212 2108 detecti,

144 2121 279 2184 ducentis
298 2115 425 2204 flagellis
454 2119 575 2200 publice
599 2121 790 2182 verberentur
816 2136 845 2183 et
869 2123 1012 2184 decalvati
1038 2121 1212 2184 deformiter

144 2195 246 2275 decein
278 2211 447 2274 convicinas
472 2211 674 2292 possessiones
699 2213 851 2273 circumire
877 2228 1023 2296 cogantur
1046 2215 1147 2292 inviti,
1178 2227 1213 2274 ut

146 2329 249 2369 eorum
269 2305 319 2366 alii
340 2305 529 2388 corrigantur
549 2301 696 2383 exemplis.

102 2401 273 2462 Ludovicus
291 2401 401 2479 Imper.
423 2395 551 2478 Capitul.
571 2397 671 2458 Addit.
692 2395 733 2456 Π,
754 2397 815 2458 Τιι.
827 2401 874 2464 18.
895 2417 1009 2473 eorum,
1029 2397 1079 2476 qui
1099 2407 1212 2478 tempe-

102 2505 195 2558 states
216 2505 247 2554 et
264 2492 394 2554 tonitrua
413 2503 444 2552 et
452 2489 639 2576 grandines
629 2513 661 2549 ιιι
681 2511 732 2550 sua
743 2501 892 2571 potestate
912 2485 1023 2550 habere
1042 2487 1149 2552 stulta
1139 2510 1212 2552 rma·

105 2587 261 2672 ginatione
283 2585 521 2694 opinabantur,
510 2583 645 2643 meminit
663 2583 707 2644 his
727 2584 839 2646 verbis:

143 2681 258 2740 Ferunt
282 2681 360 2740 enim
379 2679 437 2740 suis
462 2657 612 2738 maleficiis
638 2681 706 2736 aira
732 2687 819 2757 posse'
840 2653 1018 2738 conlurbare
1042 2689 1073 2738 et
1091 2677 1212 2762 grandi-

144 2793 198 2836 nes
222 2773 395 2848 immittere,
421 2771 517 2834 futura
537 2769 708 2851 praedicere
734 2781 764 2832 et
789 2771 833 2832 lac
857 2769 974 2832 auferre
994 2769 1117 2871 aliisque
1142 2771 1211 2832 dare

147 2877 177 2926 et
195 2867 348 2926 innumera
368 2885 385 2922 a
403 2864 522 2923 talibus
529 2863 594 2923 fieri
614 2863 759 2924 dicuntur.

105 2962 148 3020 Et
167 2959 282 3020 Seneca
301 2954 354 3018 lib.
374 2956 429 3018 lv.
450 2933 560 3036 quaest.
579 2955 704 3016 natural.

143 3052 247 3128 Rudis,
265 3051 372 3131 inquit,
391 3049 485 3110 adhuc
505 3049 662 3140 antiquitas
682 3049 824 3110 credebat
843 3060 873 3110 et
892 3049 998 3110 attrahi
1016 3046 1124 3107 imbres
1139 3067 1208 3108 can·
1303 3037 1305 3049 ¹

143 3144 222 3209 tibus
243 3157 273 3206 et
291 3144 405 3226 repelli.
445 3143 493 3223 [S.
508 3131 588 3204 armis
605 3141 655 3209 des
672 3139 867 3224 Erabbrbafis
885 3139 1033 3218 Agabard
1048 3161 1104 3202 voa
1122 3139 1212 3218 Lyra

142 3233 230 3314 Beck
253 3235 297 3297 de·
304 3235 485 3314 grandine
472 3258 510 3298 ιιι
519 3234 622 3298 &esea
645 3235 721 3311 Opp.
741 3233 785 3294 ed.
804 3233 937 3310 Beluae,
963 3234 1210 3366 Paris.16llli‚8·

143 3329 215 3392 Vol
235 3329 277 3388 ΙῙ.
296 3328 341 3393 ed·
359 3329 495 3403 Messoa,
512 3330 580 3390 Par
583 3335 686 3403 1606,
705 3328 760 3405 8η]
858 3375 861 3384 ,

108 3427 210 3517 Quare
229 3422 311 3487 iuter
329 3420 553 3525 superstitiones
573 3422 610 3482 de
630 3418 771 3482 cornibus
789 3427 903 3500 agatur,
923 3415 991 3477 inde
1010 3417 1108 3494 venit,
1129 3359 1209 3498 quod

106 3537 218 3580 cornua
230 3513 414 3596 poculorum
433 3511 497 3573 vice
517 3509 635 3576 luerint.
676 3509 793 3587 Caesar,
815 3509 954 3574 debello
975 3509 1053 3572 Gall.
1073 3509 1125 3582 lib.
1143 3512 1209 3588 vt,

108 3609 248 3682 describit
266 3610 398 3671 Urorum
417 3604 529 3686 species
549 3617 580 3666 et
599 3606 692 3669 addit.
1202 3643 1207 3675 ·.

144 3702 317 3784 Amplitudo
339 3719 483 3761 cornuum
502 3709 533 3758 et
551 3697 644 3780 figura
670 3710 701 3759 et
724 3697 836 3778 species
855 3669 979 3756 multum
1000 3717 1016 3756 a
1036 3667 1206 3758 nostrorum

146 3798 239 3864 boum
249 3792 387 3856 cornibus
399 3791 510 3854 dillert.
538 3793 622 3854 Haec
639 3791 768 3852 studiose
781 3789 970 3868 conquisitas
982 3788 1071 3852 labris
1082 3803 1208 3874 argento

147 3888 389 3963 circumcludunt,
407 3897 496 3966 atque
515 3886 547 3946 in
566 3884 747 3965 amplissimis
764 3883 858 3965 epulis
876 3903 932 3963 pro
953 3884 1066 3964 poculis
1078 3897 1209 3956 utuntur.

109 3983 220 4048 Vinum
239 3979 433 4062 praestantius
458 3981 489 4040 ιιι
510 3979 648 4046 cornibus
666 3977 855 4060 propinatum
880 3977 968 4038 fuisse
988 3979 1077 4040 docet
1098 3977 1208 4038 Charta

108 4075 237 4143 arnoldi
266 4073 437 4154 Praepositi·
455 4074 491 4134 B.
511 4073 558 4148 Μ.
582 4073 620 4132 V.
651 4071 688 4132 ad
715 4071 830 4134 Gradus
854 4071 1028 4154 Moguntiae
1060 4071 1097 4135 de
1128 4087 1207 4130 anno

109 4167 298 4245 MGCXXH,
316 4167 369 4228 ubi
388 4167 467 4240 inter
485 4165 542 4240 alia
563 4165 729 4236 ordinatur:
892 4225 894 4233 ,

149 4263 226 4322 Item
245 4282 263 4320 a
281 4260 430 4342 principio
451 4262 591 4322 adventus
607 4259 731 4320 Domini
749 4279 839 4340 usqtre
861 4259 897 4320 ad
918 4256 995 4317 diem
1015 4253 1213 4320 hamanum

153 4391 174 4440 Ι)
192 4382 295 4433 rubris?
