2900 5086
62 625 156 690 clam
180 625 444 704 obdormientibus,
463 594 639 708 permaxima
659 631 707 690 nix
726 627 878 708 inopinate
898 629 1019 691 cecidit·
1039 642 1070 691 et
1088 650 1176 693 auro·
1216 651 1221 658 ·
1264 687 1274 698 ‚

60 741 125 784 rae
149 707 235 781 iubar
253 731 358 781 tetram
383 720 591 802 hemisphaerii
616 720 805 802 caliginem
795 743 853 792 ram
870 721 1074 830 effugaverat:
1104 747 1178 805 qua-

62 824 205 894 propter
233 813 312 875 idem
339 809 508 872 Canonicus
539 813 781 894 quamplurimum
813 816 941 875 anxiatus
967 815 1092 894 qualiter
1114 831 1178 880 tute

60 905 240 967 tentorium
259 927 342 966 suum
361 903 526 980 accederet,
546 924 583 963 ne
603 903 759 984 primitiale
778 903 930 988 vestigium
958 909 1072 989 culpam
1097 923 1179 972 suam
1269 947 1275 954 ·

63 998 299 1079 aliquomodo
334 997 483 1078 proderet.
537 997 677 1060 Tractato
708 998 835 1078 denique
862 1000 1020 1081 repentino
1053 1003 1179 1064 consilio

62 1089 212 1172 praelata
230 1087 457 1152 sanctimonialis
478 1091 602 1150 eundem
624 1089 808 1150 Canonicutn
834 1091 866 1150 in
889 1091 1015 1155 humeris
1038 1089 1181 1159 baiulavit

65 1185 110 1244 ad
139 1205 226 1244 suurn
249 1181 428 1260 tentorium,
459 1194 492 1242 ut
510 1179 542 1242 in
563 1183 661 1244 eundo
682 1193 712 1244 et
729 1184 882 1244 redeundo
902 1186 1003 1246 saltem
1023 1187 1108 1260 unitis
1128 1177 1206 1249 so·'

65 1276 131 1336 lius
154 1276 249 1356 possit
267 1295 409 1356 apparere
434 1276 612 1337 calcaneum.
650 1277 762 1336 Eadem
786 1287 882 1338 autem
907 1278 980 1338 hora
1004 1279 1181 1342 stimulanti-

65 1370 132 1431 bus
156 1369 232 1429 curis
256 1368 371 1430 bellicis
396 1367 475 1427 solus
500 1369 590 1430 Divus
610 1369 777 1448 Imperator
800 1369 924 1451 pervigil
948 1369 1021 1446 luit,
1052 1374 1182 1454 quipe.

53 1461 234 1544 ,regrioum
266 1462 326 1522 hoc
364 1460 564 1541 spectaculum
602 1481 619 1521 e
655 1460 785 1524 fenestra
815 1459 997 1524 tabernaculi
1033 1465 1077 1526 sui
1108 1485 1181 1544 pro-

71 1555 127 1616 oul
160 1554 295 1630 intuens,
329 1555 378 1634 pie
410 1554 536 1614 subrisit.
586 1553 714 1614 Demum
747 1567 850 1616 exorto
885 1555 943 1615 iam
976 1555 1041 1616 sole
1072 1555 1182 1620 Caesar
1214 1562 1218 1575 ’

69 1650 231 1729 Augustus
259 1645 401 1727 flagitavit
430 1649 555 1706 eundem
592 1647 794 1722 Canonicmn‚
826 1659 968 1727 quatenos
997 1651 1034 1710 ad
1064 1651 1184 1726 Missam

70 1741 264 1802 Diaconatus
284 1737 414 1817 expleret
433 1739 581 1814 officium,
607 1742 687 1820 quod
706 1741 783 1800 idem
805 1739 975 1804 Canonicus
994 1742 1184 1806 remordente

74 1823 265 1895 conscientia
283 1832 379 1892 modis
400 1831 535 1892 omnibus
560 1833 677 1907 abnuit,
707 1855 763 1894 nec
787 1833 994 1896 blandimentis
1018 1857 1073 1898 nec
1096 1837 1184 1898 minis

74 1927 205 1997 adhoc
232 1923 358 1984 emolliri
375 1923 496 2004 ¹potuit:
527 1927 564 2004 (s.
585 1925 632 1986 dIe
652 1925 840 2008 Einleitung‚
860 1927 1065 2002 S.30‚An1n.
1085 1938 1112 1998 1.
1132 1951 1184 1992 wo

74 2017 164 2080 noch
182 2018 331 2096 Anonym.
349 2017 529 2076 Saomtsent
550 2017 708 2092 Chronlo,
728 2026 857 2098 cap.12.
877 2041 923 2101 ap.
943 2021 1105 2102 Moratori,
1122 2026 1186 2086 tte-

75 2134 149 2172 rum
165 2111 333 2171 Italicarum
345 2107 499 2190 Scriptura,
512 2111 554 2186 ΙΙ,
566 2117 594 2184 2,
605 2131 634 2190 p.
649 2115 706 2176 182
726 2110 920 2196 hinzugesiigt
938 2118 1060 2180 werden
1078 2118 1186 2197 laum)

77 2224 209 2264 cernens
228 2203 328 2282 itaque
342 2199 452 2262 Caesar
472 2201 601 2262 eiusdem
614 2201 760 2274 Canonici
780 2205 945 2266 timoratam
965 2211 1187 2285 conscientiam,

76 2295 198 2358 remisit
222 2316 256 2355 ex
281 2295 364 2354 bono
389 2295 479 2356 corde
508 2307 681 2376 conceptam
706 2297 905 2388 pertinaciam.
947 2299 1064 2361 Accidit
1089 2313 1187 2362 autern

77 2401 116 2448 ut
136 2387 270 2447 Decania
288 2387 423 2448 similiter
450 2399 481 2447 et
506 2387 635 2448 Abbatia
662 2381 764 2451 dicbus
791 2389 847 2450 illis
871 2403 1011 2451 vacarent
1036 2393 1188 2472 Imperiali
1262 2381 1265 2402 ¹

82 2481 248 2555 Camenae,
278 2490 308 2538 et
332 2479 410 2538 idem
432 2479 541 2565 Caesar
567 2482 741 2544 advocans
731 2504 826 2562 ipsum
847 2483 1031 2546 canonicum
1052 2507 1117 2546 cum
1136 2507 1188 2549 ιο,-

80 2593 173 2648 rore,
198 2571 298 2652 coepit
316 2571 399 2650 loqui
418 2592 472 2651 per
497 2572 661 2654 aenigmata
687 2588 816 2636 secretae
840 2557 1016 2656 parabolae,
1039 2577 1188 2638 Amanus
1190 2574 1195 2580 ’

82 2669 160 2730 sime
181 2665 282 2739 frater,
303 2676 366 2724 esto
387 2665 573 2743 deinceps
545 2687 590 2726 var
609 2677 754 2744 maturus,
775 2681 805 2730 et
824 2689 893 2730 ecce
912 2670 968 2730 tibi
987 2672 1063 2730 banc
1082 2691 1189 2734 vacan

81 2758 319 2851 temdecaniam
340 2757 532 2833 conferimus,
562 2770 643 2818 tuam
664 2763 811 2823 exorando
833 2762 1087 2840 benevolentiam,
1115 2785 1190 2844 qua·

82 2867 174 2915 tenus
205 2871 354 2927 nunquam
388 2853 637 2912 sanctimonialem
673 2873 840 2933 praesumas
876 2855 1008 2935 equitare
1027 2857 1189 2918 deminans.
1291 2855 1294 2864 ¹

84 2944 209 3012 Deinde
233 2941 424 3018 sororisuae
456 2941 538 3001 dixit:
575 2945 687 3004 Eximia
714 2967 816 3020 soror,
850 2949 888 3007 sis
919 2947 1026 3010 abinde
1055 2964 1191 3012 matrona

86 3037 262 3110 continens,
281 3045 312 3092 et
332 3053 406 3094 ecce.
420 3032 476 3092 tibi
494 3046 646 3096 vacantem
667 3037 741 3096 hanc
760 3037 918 3098 Abbatiam
937 3039 998 3098 sive
1018 3061 1116 3100 curam
1136 3062 1198 3101 an-.

87 3131 224 3194 cillarum
250 3125 362 3187 Christi
388 3122 566 3188 conserimus
598 3148 654 3208 per
676 3141 860 3208 praesentem
890 3130 1045 3208 annulum3
1074 3133 1191 3212 praeci-

86 3226 223 3306 pientes,¹
236 3239 275 3280 ne
294 3219 444 3299 permittas
464 3239 592 3298 unquam
612 3221 743 3300 equitare
763 3234 793 3282 tc
807 3223 1012 3284 Canonicumz.
1027 3225 1131 3304 quihus
1150 3225 1192 3288 ita

88 3317 186 3392 dictis,
205 3311 292 3373 ambo
312 3313 464 3372 se'mutuo
485 3307 669 3389 contuentes,
688 3313 882 3378 erubuerunt:
910 3315 959 3394 qui
978 3334 1032 3394 per
1052 3316 1129 3376 hanc
1146 3316 1192 3378 le·

86 3407 157 3473 uem
182 3405 398 3468 correctionem
423 3404 589 3480 informati,
621 3407 734 3485 peccati
763 3409 914 3486 praeteriti
943 3409 1058 3488 culpam
1081 3430 1192 3490 perpe·

71 3516 172 3580 ‚mmm
196 3521 251 3581 per
276 3497 487 3560 continentiam
513 3499 721 3564 emendarunt..
750 3501 836 3562 Auch
859 3502 952 3562 findet
975 3502 1037 3564 sich
1061 3503 1193 3568 diesethe

87 3594 263 3676 Erniihlung
287 3593 337 3652 bei
362 3589 518 3674 Rodulfus
542 3590 577 3650 de
601 3590 720 3667 iliceto,
745 3589 873 3670 Chron,
893 3615 921 3674 p.
940 3601 1006 3661 470.
1043 3593 1194 3656 Henaicus

90 3685 297 3767 Knygdtonoe,
318 3686 343 3762 I,
363 3689 392 3750 6.
433 3677 527 3744 Sollte
555 3682 638 3744 nicht
657 3683 704 3744 die
724 3705 818 3766 ganne
837 3686 1008 3768 Era'aihlung
1026 3686 1112 3748 ihren
1130 3689 1193 3747 Ur-

92 3801 206 3932 pprung
235 3782 267 3842 in
299 3780 366 3844 dem
394 3777 600 3860 Doppelsinne
638 3778 688 3839 des
719 3779 847 3842 Wortes
881 3783 1008 3862 equestre
1042 3779 1193 3862 gelunden

114 3873 209 3936 aben't’
