2890 5092
685 407 689 424 1

712 433 729 488 ·“
771 439 861 514 ΞΞΘ

263 625 392 697 rinctus,
417 627 450 678 nt
473 615 611 688 diximus,
633 612 664 672 in
688 607 822 670 ⁴Insulam
847 600 1000 666 deveniret
1022 600 1055 659 in
1079 596 1212 674 exilium,
1237 595 1297 656 diu
1319 593 1380 671 iilic

265 734 375 796 nempe
394 709 537 772 cruciatus
557 717 609 768 est.
648 703 711 766 Sed
730 702 828 782 ipsum·
843 693 982 767 Paulum,
1000 689 1166 766 veritatem,
1186 709 1261 770 quae
1286 687 1380 748 Chri-

267 821 326 872 stus
348 817 406 882 est,
435 812 580 890 amantem
598 797 709 862 veritas¹
722 794 785 874 ipsa
804 813 859 874 per
878 805 1015 869 magnam
1033 795 1115 846 suam
1133 783 1305 864 potentiam
1326 781 1382 840 mi-

267 897 399 962 rabiliter
420 895 563 957 liberavit.
610 891 686 952 Nam
712 886 830 966 quidem
854 884 962 956 homo,
989 878 1040 958 qui
1059 875 1225 956 saepissime
1247 874 1316 934 cius
1337 874 1379 933 fr-

268 989 390 1052 muiatui
415 987 525 1062 inerat,
556 985 629 1046 ci'am
655 982 691 1042 de
718 979 794 1040 dicta
814 973 909 1036 insula
934 991 1000 1032 eum
1026 969 1168 1052 expediit,
1196 980 1324 1028 etcum
1345 987 1380 1026 eo

249 1087 472 1166 ‘Beneventum
496 1077 655 1158 repedavit.
696 1074 830 1150 Cumque
854 1061 1020 1128 nuntiatum
1044 1071 1121 1124 esset
1144 1061 1282 1140 Principi
1310 1059 1379 1120 Ari-

270 1178 369 1252 chiso,
391 1192 500 1254 magno
521 1170 630 1253 gaudio
651 1179 695 1230 est
712 1163 859 1246 repletus,
884 1179 921 1220 co
947 1157 1028 1237 quod
1052 1175 1069 1216 a
1092 1154 1189 1216 multis
1210 1165 1282 1216 ante
1304 1163 1379 1212 tem-

270 1268 394 1352 poribus
414 1267 537 1328 iormam
557 1264 618 1324 cius
638 1279 759 1324 cernere
780 1265 906 1336 optaret.
944 1251 1043 1329 Atque
1064 1239 1099 1309 ex
1119 1267 1172 1308 ore
1197 1247 1258 1306 eius
1281 1244 1378 1306 dulcia

271 1362 363 1426 verba
381 1360 414 1420 in
430 1345 540 1418 *arcano
560 1355 605 1416 sui
625 1351 754 1434 pectoris
775 1369 841 1410 cum
860 1343 1008 1426 equitibus
1033 1343 1066 1404 in
1092 1341 1152 1402 eius
1171 1339 1251 1400 misit
1271 1359 1378 1398 occur-

271 1476 344 1516 sum.
376 1452 511 1530 Cumque
526 1451 728 1510 Beneventum
748 1441 908 1514 introisset,
927 1457 1017 1516 super
1036 1435 1145 1496 collum
1166 1433 1226 1494 eius
1246 1431 1316 1510 ipsc
1335 1429 1379 1508 pi-

243 1560 247 1566 '
272 1547 385 1610 issimus
404 1544 546 1624 Princeps
563 1559 667 1613 ruens,
692 1536 784 1598 flebat
802 1533 891 1613 piane
907 1550 981 1610 ¹prae
1001 1529 1126 1612 gaudio,
1151 1537 1184 1587 et
1203 1544 1272 1584 eum
1295 1543 1377 1584 oscu-

273 1638 398 1700 labatur.
437 1636 516 1716 Ipse,
536 1635 572 1694 de
594 1653 653 1712 quo
673 1631 731 1690 iam
751 1625 886 1698 diximus,
905 1622 1012 1684 Paulus
1032 1621 1069 1682 ad
1089 1619 1233 1700 quandam
1254 1613 1377 1676 Domini

273 1732 317 1794 sui
338 1731 427 1794 filiam
446 1726 537 1802 senis,
557 1736 644 1806 atque
663 1742 783 1786 uxorem
803 1718 928 1802 praefati
943 1715 1089 1796 Principis
1099 1712 1306 1788 Adeipcrgam
1324 1727 1377 1766 no-

273 1825 364 1902 mine,
384 1824 420 1884 de
437 1818 493 1901 quai
518 1820 576 1880 iam
601 1838 689 1898 supra
708 1814 838 1890 diximus,
858 1824 889 1872 et
904 1808 1052 1872 humiliter
1073 1804 1203 1878 subdidit
1221 1800 1377 1862 adiiciens:

315 1916 388 1976 Sum
408 1913 555 1974 fraudabis
575 1933 592 1972 a
611 1909 748 1992 genitore
767 1919 820 1968 tuo
841 1903 988 1990 piissimo,
1007 1922 1070 1962 non
1089 1920 1135 1960 me
1150 1895 1299 1958 fraudavit
1315 1894 1375 1952 Do-

313 2009 409 2068 minus
429 2007 465 2067 de
486 2004 543 2064 suis
563 2005 653 2082 nstin
682 2002 802 2082 iusuper
822 2010 852 2062 et
872 1996 1000 2058 ostendit
1019 1993 1091 2054 mihi
1109 2013 1190 2052 suam
1208 1984 1376 2050 sublimissi-

276 2169 279 2176 Α
314 2121 390 2160 mam
411 2097 535 2186 prolem.
573 2097 642 2178 Ipse
661 2091 838 2175 Principissa
861 2090 991 2172 piissima
1015 2089 1094 2150 inter
1119 2085 1196 2148 dicta
1214 2081 1308 2148 verba
1327 2077 1375 2137 do-

314 2191 411 2254 lenter
429 2189 528 2254 flebat.

741 2693 871 2764 nxxx
880 2687 919 2782 ¹).

819 2860 844 2918 1.

368 3053 372 3064 .
395 2983 412 3038 1
433 2972 480 3032 De
501 2969 636 3030 Clotario
657 2981 701 3029 est
720 2979 828 3030 canere
847 2989 920 3051 rege
939 2969 1121 3028 Francorum

433 3063 483 3143 qui
503 3062 556 3124 ivit
575 3083 707 3144 pugnare
728 3085 792 3123 oum
813 3074 902 3145 gente
924 3061 1082 3122 Saxonum.

413 3211 414 3218 ,
432 3177 519 3236 quom
538 3157 666 3238 graviter
684 3156 868 3234 provenisset
886 3154 978 3215 missis
999 3155 1163 3228 Saxonumf

431 3249 455 3310 si
474 3271 536 3309 non
556 3248 657 3310 suisset
676 3247 795 3308 inclitus
812 3249 889 3307 Fero
911 3247 956 3307 de'
968 3258 1058 3330 gente
1077 3239 1337 3326 Burgundionum!

349 3370 360 3378 ·
394 3353 414 3412 2
435 3343 552 3422 quando
572 3344 695 3404 veniunt
714 3341 744 3400 in
763 3352 872 3400 terram
891 3339 1084 3414 Francorum,

431 3437 509 3496 Faro
529 3436 588 3496 ubi.
602 3445 664 3495 erat
683 3433 831 3514 princeps,
850 3431 929 3492 missi
950 3431 1107 3506 Saxonum,

431 3528 571 3588 instinctu
589 3527 649 3586 Dei
668 3539 821 3588 transeunt
839 3548 894 3606 per
912 3525 1017 3585 urbem
1036 3523 1203 3585 M'eidorum
1218 3523 1261 3602 ⁸),
1294 3531 1297 3534 '

432 3639 470 3680 ne
490 3619 704 3680 interficientur
723 3640 739 3679 a
758 3639 830 3701 rege
850 3620 1040 3680 Francorum.

811 3772 852 3830 ΙΙ.

395 3878 413 3948 1
432 3881 549 3941 Aurora
569 3905 634 3944 cum
654 3882 750 3964 primo
770 3899 856 3942 mane
876 3874 1115 3942 tetram'noctem
1136 3847 1291 3951 dividens.

430 3973 583 4034 sabbatum
602 3997 665 4036 uon
683 3975 757 4036 illud
776 3973 842 4050 fuit,
860 3976 912 4036 sed
933 3974 1051 4035 Saturni
1072 3973 1182 4034 dolium
1200 3971 1231 4046 ³)

433 4069 469 4128 de
490 4066 617 4126 fraterna
637 4079 724 4148 rupta
742 4087 815 4148 pace
834 4067 943 4149 gaudet
962 4067 1088 4128 daemon
1107 4065 1221 4146 impius.

284 4208 484 4229 *tna—*-

323 4314 343 4361 1)
361 4310 385 4356 S.
399 4312 443 4354 den
456 4310 651 4355 Kommentarru
668 4309 862 4366 KapitelXXlX.
925 4273 928 4292 Ι
970 4353 973 4362 .

324 4377 347 4425 ²)
361 4377 455 4420 Moror.

321 4443 342 4494 ι)
357 4441 405 4485 nn
417 4441 555 4500 saranum,
571 4444 614 4490 aer
627 4443 839 4509 euronotum„
851 4413 1021 4503 vogtuenu‘ar.
