2900 5086
583 469 670 540 erl

504 675 774 834 'uxuxV.“

418 841 420 851 '
481 845 766 917 moereas,

73 967 152 1019 quae
170 949 300 1004 constituit
317 961 403 1001 sancta
421 947 542 1022 Synodus
560 948 588 1000 ln
606 949 682 1011 loco,
706 949 751 1019 qui
773 949 866 1002 dicitur
881 948 1086 1017 Dingolvingen,
1108 915 1167 1003 Do·
1267 991 1273 1016 ,

419 1035 493 1116 mino
512 1031 630 1087 Thassilo
647 1031 778 1086 mediante
793 1031 829 1103 ¹).

129 1175 343 1260 Regnantein
361 1187 536 1256 perpetuum
547 1175 679 1236 Domino
699 1186 802 1236 nostro
812 1176 884 1260 Jesu
896 1177 1029 1256 Christo,
1044 1180 1076 1240 in
1095 1198 1175 1240 anno

60 1291 148 1332 vero
168 1269 277 1332 XXIV.
288 1269 321 1346 ²)
338 1269 425 1352 regni
443 1268 654 1352 religiosissimi
666 1269 758 1330 Ducis
774 1269 954 1330 Thassilonis
973 1274 1070 1354 gentis
1084 1273 1178 1334 Baio·

60 1357 224 1442 ariornm,
255 1361 308 1422 sub
325 1361 546 1428 *diacona-ulem
561 1362 603 1440 ¹),
625 1363 704 1442 qnod
729 1375 792 1425 erat
815 1364 856 1426 11.
877 1365 922 1427 ld.
943 1363 1069 1428 Octobri
1087 1377 1175 1446 atque

62 1479 158 1520 anno
185 1457 221 1525 ab
246 1455 450 1518 incarnatione
474 1455 621 1518 dominica
640 1452 848 1516 DCCLXXII.
867 1457 972 1519 Indict
993 1459 1030 1522 X.
1067 1458 1176 1524 Divina

61 1551 233 1631 praeflatus
256 1549 466 1631 inspiratione,
494 1561 527 1610 nt
546 1569 635 1610 omne
654 1549 740 1632 regni
758 1549 803 1610 sni
822 1562 1015 1630 praenotatus
1033 1551 1175 1630 Princeps

63 1643 236 1726 collegium
255 1661 413 1722 procerum
433 1645 628 1719 coadunaret,
658 1642 688 1702 in
712 1642 810 1704 villam
829 1643 976 1726 publicam
996 1643 1177 1727 Dingolvin-

62 1756 142 1818 gam
168 1748 380 1817 nuncupatam,
405 1747 443 1798 ut
465 1735 575 1798 ibidem
601 1747 661 1796 tam
681 1736 817 1820 regulare
837 1737 1054 1798 moderaret-in
1074 1748 1176 1798 sancto

61 1828 178 1890 habitu
198 1827 387 1892 Coenohium
405 1829 535 1915 virorum
555 1841 587 1890 et
604 1829 777 1910 puellarum,
797 1851 883 1910 quam
901 1816 1093 1910 Episcopalea
1110 1849 1176 1891 mo-

15 1919 16 1922 *
64 1923 230 1987 deraretnr
241 1922 407 2003 obsequias,
425 1923 546 2003 insuper
562 1923 660 2006 gentis
677 1945 745 1986 snae
763 1924 984 2006 superstitiones
1004 1923 1103 2005 legum
1122 1942 1177 2011 per

62 2015 218 2095 primatos
237 2015 405 2096 imperitos,
429 2015 564 2075 universa
583 2017 786 2078 consentiente
806 2017 1008 2091 multitudine,
1033 2035 1108 2096 quae
1128 2033 1176 2074 re-

63 2108 155 2190 perit
172 2107 309 2170 diuturna
328 2109 443 2184 vitiata,
474 2117 505 2170 et
529 2127 605 2189 qnae
624 2110 801 2172 videbantur
818 2110 1017 2172 abstrahendo
1038 2107 1177 2184 evellere,
1265 2125 1282 2162 .·
1333 2111 1335 2132 '

66 2213 102 2262 et
132 2201 358 2282 quaedscrerts
384 2201 535 2282 placerent
564 2205 784 2281 componenda,
812 2204 1044 2264 instituerentur.
1093 2203 1177 2264 Inter

65 2305 119 2356 tot
146 2313 219 2355 vero
245 2295 371 2378 collegia
398 2295 600 2369 sacerdotum,
625 2293 768 2357 devolutis
788 2295 1005 2375 Episcopornm
1024 2308 1055 2356 et
1072 2295 1177 2356 Abba-

63 2401 137 2450 tum
156 2389 188 2448 in
207 2389 372 2468 praesentia
391 2390 514 2472 paginis,
533 2389 674 2471 regularis
690 2388 801 2449 ordinis
816 2389 903 2464 vitae,
922 2399 1010 2467 atque
1030 2381 1176 2448 canonum

65 2499 210 2560 normas,
233 2479 281 2542 vel
301 2481 419 2542 decreta
438 2490 570 2562 patrum,
599 2482 686 2544 nullis
706 2481 901 2563 comprobare
921 2480 1075 2561 quiverant
1092 2481 1176 2548 testi,-
1248 2521 1250 2530 ‚
1320 2518 1329 2534 ·

65 2574 198 2652 moniis,
223 2583 256 2634 ut
273 2573 427 2636 Monachis
445 2575 569 2656 parochi
588 2576 787 2637 commendari
806 2575 968 2648 deberent,
990 2573 1038 2636 vel
1057 2573 1176 2656 publica
1252 2627 1258 2646 ,

68 2666 257 2749 baptismatis
287 2653 447 2748 obsequia,
480 2666 536 2730 nisi
566 2667 645 2729 forte
677 2688 733 2749 pro
757 2667 891 2750 periculo
914 2667 1018 2728 mortis
1047 2679 1078 2729 et
1101 2667 1177 2729 nihil

70 2781 181 2822 eorum
206 2759 365 2840 implerent
395 2761 597 2824 commorandi
629 2760 763 2844 negotio.
811 2763 943 2840 Excepto
972 2760 1198 2824 vinissitndinis'

70 2852 212 2916 villarum
240 2853 426 2932 propriamm
455 2856 577 2935 singulis
606 2854 689 2915 annis
720 2853 967 2916 obedientialihus
993 2853 1077 2915 curis
1093 2875 1176 2916 com·

69 2945 176 3006 missio
196 2943 232 3004 ah
252 2945 369 3006 Abbate
389 2946 512 3027 proprio
532 2946 641 3006 luerint
660 2947 862 3021 determinata,
880 2948 959 3008 nude
979 2944 1016 3008 ab
1036 2948 1177 3010 universis

69 3036 243 3100 Abbatibus
263 3037 339 3100 lacta
358 3038 524 3118 prolessio,
551 3050 585 3098 ut
609 3037 728 3098 minime
751 3039 843 3100 titulis
867 3038 1059 3119 popularibus
1078 3060 1109 3100 se
1128 3040 1175 3100 in·
1239 3064 1241 3075 ⁴

69 3151 181 3214 gerere
200 3123 430 3213 depellerentur,
454 3131 574 3194 ethaeo
594 3129 703 3206 omnia,
722 3131 772 3198 cui
788 3131 959 3193 commissae
977 3142 1045 3191 sunt
1063 3131 1177 3214 plebes,

74 3224 132 3286 sub
154 3236 301 3305 potestate
319 3225 535 3305 Episcopornm
554 3236 777 3304 permanerent,
790 3257 793 3266 =
806 3224 882 3286 sicut
900 3224 931 3284 in
949 3225 1056 3286 sanctis
1075 3225 1176 3307 Syno-

72 3317 135 3393 dis,
167 3316 213 3378 vel
234 3318 357 3378 decretis
375 3318 537 3398 priscorum
557 3329 689 3397 patrum,
716 3329 851 3397 perarata
871 3317 1081 3396 comprobatur
1100 3339 1174 3380 cou-

72 3409 216 3492 scriptioa
247 3409 296 3470 Ab
316 3409 472 3490 prcopis
490 3429 562 3472 vero
581 3408 668 3470 simili
686 3410 788 3486 modo,
809 3421 839 3472 et
857 3408 952 3471 nihilo
972 3410 1067 3472 minus
1086 3431 1174 3493 prae-

72 3504 140 3568 latis
161 3503 400 3584 ponderaverunt
416 3501 595 3578 sententiis,
617 3513 649 3564 ot
673 3523 745 3586 erga
762 3523 814 3565 eos
833 3501 980 3567 charitatis
997 3517 1175 3587 gererentur

73 3615 181 3672 curae,
205 3595 246 3658 ita
264 3607 298 3658 ut
317 3595 459 3658 canonica
483 3596 641 3660 auctoritas
665 3597 835 3673 confirmat,
865 3607 896 3658 et
919 3597 1076 3682 spiritualis
1100 3621 1173 3662 eou-

73 3691 178 3754 cordia
197 3691 334 3754 declarat.
372 3689 439 3751 Hoc
458 3701 579 3770 peracto
596 3691 745 3768 concilio,
771 3703 808 3754 et·
820 3690 857 3753 ab
877 3691 1018 3754 universis
1037 3713 1099 3754 uno
1119 3714 1173 3756 ore

74 3783 267 3861 confirmato,
285 3785 309 3846 it
327 3783 351 3846 si
372 3783 435 3864 quis
455 3783 492 3844 de
512 3784 613 3846 eadem
632 3783 818 3846 institutione
837 3783 953 3844 deviare
971 3805 1174 3868 praesumpse-
1257 3833 1261 3841 .

74 3878 128 3952 rit,
160 3896 177 3938 a
201 3877 330 3960 collegio
356 3897 458 3966 ennom
477 3876 638 3956 alienetur,
667 3899 758 3958 usqne
777 3878 884 3940 iterato
905 3879 1050 3956 examine,
1078 3879 1108 3940 id
1129 3890 1174 3940 est

23 4007 26 4022 ι
73 3969 197 4048 publico
216 3973 340 4051 synodo.

74 4089 273 4102 ——nn-——n-u

121 4143 259 4202 ¹)11und,
280 4146 419 4205 Metropolis
434 4145 628 4202 Saliahmenaie,
647 4147 673 4200 l,
692 4159 715 4202 p.
728 4149 771 4190 tot
785 4158 820 4202 tq.
843 4146 869 4192 S.
883 4151 925 4190 :tta
942 4145 969 4192 ff.
995 4145 1045 4188 Der
1062 4144 1172 4202 doppelte

76 4211 188 4258 Ahdruch
201 4226 250 4256 war
265 4213 411 4273 iiherfliissig,
424 4239 449 4248 -
461 4215 540 4273 Vergl.
558 4216 603 4256 den
615 4213 767 4256 Kommentar
779 4227 809 4256 ιιι
821 4213 882 4270 Kap.
897 4212 941 4268 ΧΙ,
955 4212 978 4259 S.
995 4215 1045 4256 179.

115 4282 139 4332 ί)
153 4279 252 4334 urinum
270 4279 348 4325 xxu.
366 4281 455 4324 hahent
470 4281 609 4337 scriptorum
629 4292 718 4324 errore.
745 4279 895 4324 mentm-s
913 4278 998 4322 XXIV.
1025 4278 1106 4331 flecte,
1120 4293 1171 4324 cum

77 4343 187 4392 'thassilo
201 4361 262 4391 enno
277 4351 320 4393 m
331 4349 385 4392 ltux
398 4348 513 4404 apellatus
526 4345 608 4391 meris.

90 4453 100 4472 „
114 4415 139 4466 ὃ)
153 4415 200 4459 Pro
213 4417 256 4459 enh
269 4413 450 4471 diaconalem
467 4415 524 4462 fort.
542 4415 589 4473 leg,
602 4414 646 4457 tuh
658 4413 801 4469 diecellirti,
815 4423 876 4466 qnae
887 4410 963 4466 pridie
976 4410 1010 4454 ld.
1026 4410 1122 4458 Octobr.
1135 4413 1171 4456 in·-

78 4477 141 4525 cidit.
168 4482 217 4527 Etsi
229 4483 333 4526 huhero
345 4494 406 4526 aero
423 4481 539 4528 interdurn
552 4482 614 4526 diem
627 4489 650 4526 at
662 4483 779 4526 consulem
791 4475 910 4522 indefinite
922 4476 1006 4522 nimus
1018 4478 1100 4534 posita.
1130 4499 1131 4506 ι
