2908 5094
407 475 415 484 ·
471 506 484 534 .
590 457 678 526 11⁷
753 438 756 449 '

137 617 194 675 VI.
230 613 423 675 Decrevimus
449 623 481 676 ιιι
506 613 666 673 secundum
691 633 821 676 canones
847 614 1044 694 unusquisque
1063 615 1188 694 Episto-

73 729 134 788 pus
150 709 182 768 in
204 727 254 792 sua
269 704 659 787 parochia-sollicitudinem
678 707 826 784 adhibeat,
845 701 1001 768 adiuvante
1014 707 1189 787 Grapbione

74 801 129 880 qui
151 799 291 861 defensor
310 799 463 860 Ecclesiae
484 810 537 873 est,
557 809 590 857 ut
608 798 735 878 populus
752 801 810 860 Dei
835 799 975 882 paganias
1000 820 1062 859 non
1085 801 1189 872 saciet3

71 895 125 953 sed
148 905 183 953 ut
203 913 306 954 omnes
326 889 480 971 spurcitias
499 889 671 972 gentilitatis
692 889 808 952 abiiciat
828 906 858 953 et
877 905 1013 973 respuat,
1033 891 1094 951 sive
1114 915 1186 973 pro-

20 1007 21 1012 *
70 987 144 1046 iana
165 985 310 1046 sacrificia
330 994 530 1058 mortuorum,
561 984 620 1045 sive
641 983 801 1064 sortilegos
818 986 865 1045 vel
884 987 1010 1061 divinos,
1030 985 1090 1046 sive
1109 986 1186 1067 phy-
1274 1009 1281 1016 ·

69 1079 197 1140 lacteria
218 1091 249 1138 et
268 1078 404 1159 auguria,
424 1077 484 1136 sive
504 1076 736 1151 incantationes,
762 1076 823 1137 sive
847 1077 954 1140 hostias
977 1078 1186 1154 immolatitias,

69 1193 147 1280 qpas
168 1172 251 1233 stulti
271 1170 433 1230 homines'
423 1181 501 1229 ruxta
519 1169 667 1230 Ecclesiae
686 1168 747 1228 ritu
772 1189 889 1249 papano
915 1171 1026 1231 faciunt
1049 1169 1105 1232 sub
1124 1191 1184 1230 no-

66 1266 155 1328 mine
176 1275 344 1324 sanctorum
364 1265 525 1344 Martyrum
544 1261 592 1323 vel
613 1260 827 1322 Confessorum
847 1263 985 1334 Domini·
1011 1264 1060 1344 qui
1079 1264 1184 1368 potius
1249 1277 1253 1286 '

22 1427 26 1441 .
67 1381 166 1439 quam
187 1341 223 1418 ad
242 1357 469 1418 misericordiam
489 1366 606 1415 sanctos
621 1376 694 1428 ,suos
715 1357 751 1415 ad
770 1355 950 1416 iracundiam
970 1341 1143 1452 provoc'ant.

132 1451 206 1511 VII.
243 1449 402 1510 statuimus
431 1461 464 1508 ut
483 1447 605 1530 singulis
625 1449 709 1509 annis
729 1449 928 1529 unusquisque
947 1449 1110 1529 Episcopus
1129 1471 1182 1531 pa-

66 1543 206 1603 rochiam
225 1563 306 1602 suam
325 1542 450 1604 sollicite
470 1542 639 1628 circumeat,
659 1553 690 1602 et
709 1541 851 1622 populum
872 1542 1048 1603 confirmare
1069 1553 1099 1600 et
1116 1543 1182 1622 ple·

69 1636 126 1696 bes
148 1637 257 1697 docere
282 1646 313 1696 et
337 1634 530 1716 investigare,
555 1645 585 1695 et
609 1603 771 1716 probibere
797 1653 926 1718 paganas
952 1635 1183 1712 observationes,

70 1729 251 1809 divinosque
270 1727 318 1788 vel
337 1727 505 1810 sortilegos,
526 1739 577 1788 aut
595 1728 727 1810 auguria,
746 1727 966 1810 phylacteria,'
956 1727 1184 1806 encautationes,

69 1822 120 1883 vel
143 1843 247 1882 omnes
266 1821 418 1902 spurcitias
435 1821 603 1904 gentilium,
622 1821 745 1882 studeat

130 1916 219 1974 VIII.
257 1913 449 1974 Decrevimus
471 1935 591 1994 quoque
610 1915 688 1973 iuxta
707 1927 877 1977 sanctorum
890 1933 1019 1975 canones
1038 1924 1073 1973 ut
1090 1887 1180 1972 uuus-

69 2009 199 2089 quisque
224 2007 420 2087 Presbyter
410 2029 442 2064 ιιι
466 2004 606 2085 parocbia
631 2005 763 2069 babitans
794 2008 947 2090 Episcopo
972 2005 1118 2068 subiectus
1143 2004 1182 2064 sit

67 2101 146 2162 illi'
135 2123 168 2161 ιιι
188 2100 270 2161 cuius
289 2085 430 2180 parochia
449 2096 578 2173 habitat,
599 2110 629 2157 et
647 2121 762 2181 semper
785 2103 816 2160 in
837 2100 1068 2184 Quadragesima
1087 2096 1181 2156 ratio-

68 2214 142 2256 nem
163 2204 194 2254 et
213 2192 348 2253 ordinem
374 2191 529 2252 ministerii
549 2191 609 2266 sui,
633 2191 702 2252 sire'
720 2194 755 2252 de
780 2194 943 2272 baptismo,
973 2194 1033 2254 sive
1058 2189 1179 2251 deiide

70 2286 237 2362 catholica,
255 2286 315 2348 sive
336 2285 372 2346 de
392 2283 548 2365 precibus,
568 2296 599 2344 et
618 2284 725 2346 ordine
744 2285 912 2359 Missurum,
939 2285 1091 2363 Episcopo
1110 2283 1180 2342 red-

69 2380 135 2440 dat.
172 2380 216 2437 Et
238 2379 473 2458 quandocunque
498 2376 562 2438 iure
588 2378 735 2438 canonico
754 2377 920 2457 Episcopus
946 2375 1105 2435 circumeat
1128 2393 1181 2452 pa-

70 2469 210 2532 rochiam
230 2471 412 2552 adpopulos
432 2470 659 2547 confirmandos,
678 2471 841 2552 Presbyter
864 2488 981 2550 semper
1004 2475 1120 2547 paratus
1143 2463 1182 2526 sit

72 2565 110 2624 ad
131 2559 350 2643 suscipiendum
369 2563 562 2645 Episcopum,
582 2584 648 2624 cum
661 2563 838 2626 collectione
858 2575 889 2624 et
907 2559 1056 2624 adiutorio
1075 2557 1180 2640 populi

74 2657 125 2737 qui
146 2655 190 2716 ibi
209 2657 377 2718 confirmari
396 2658 495 2718 debet.
540 2657 581 2716 Et
605 2656 637 2716 in
662 2677 756 2718 coena
780 2657 904 2716 Domini
928 2675 1046 2736 semper
1069 2671 1180 2715 novum

73 2751 199 2812 chrisma
217 2750 255 2812 ab
274 2752 426 2832 Episcopo
451 2771 505 2812 suo
532 2763 662 2831 quaerat
719 2753 761 2811 Et
787 2751 824 2814 de
843 2762 944 2812 vetere
964 2747 1061 2808 nullus
1080 2743 1178 2826 bapti-

72 2866 142 2908 zare
161 2857 338 2925 praesumat,
357 2846 408 2905 sed
428 2845 532 2904 ardere
551 2843 584 2902 in
604 2843 795 2904 luminaribus
814 2842 964 2904 Ecclesiae
983 2839 1079 2900 saciat

130 2943 183 3004 IX.
224 2941 269 3000 Ut
286 2958 390 2998 nemo
396 2937 521 3017 accipiat
539 2937 701 2997 Ecclesiam
724 2936 802 2996 inira
826 2935 997 3016 parochiam
1020 2934 1083 2994 sine
1103 2951 1178 2992 con·
1241 2959 1249 2976 ·

74 3055 162 3095 sensu
179 3031 323 3116 Episcopi
342 3030 397 3106 sui,
415 3050 471 3090 nec
491 3029 528 3088 de
548 3049 607 3088 una
626 3030 662 3088 ad
682 3029 768 3088 aliam
786 3039 924 3088 transeat.

129 3129 166 3194 X.
204 3131 250 3188 Ut
267 3128 304 3187 de
323 3123 441 3191 incestis
461 3134 492 3184 et
511 3122 673 3196 criminosis
691 3140 828 3203 maguam
850 3139 950 3179 curam
974 3115 1104 3177 habeant
1123 3115 1179 3175 Sa·

74 3223 225 3297 cerdotes,
251 3239 290 3278 ne
308 3219 340 3278 in
359 3217 417 3278 suis
437 3229 563 3298 pereant
581 3215 756 3294 sceleribus,
788 3223 819 3274 et
836 3212 950 3272 animae
971 3229 1075 3268 eorum
1095 3225 1112 3266 a
1132 3206 1177 3266 di-

75 3316 178 3376 stricto
203 3312 301 3372 iudice
321 3310 441 3370 Christo
468 3311 508 3369 eis
534 3309 730 3390 requirantur.
776 3304 920 3365 Similiter
945 3303 981 3362 de
1006 3299 1128 3360 infirmis
1148 3311 1180 3360 et

76 3403 314 3488 poenitentibus,
340 3413 374 3460 ut
391 3401 552 3460 morientes
572 3401 636 3460 sine
655 3398 760 3459 sacrati
781 3396 839 3458 olei
858 3393 1000 3456 unctione
1021 3405 1051 3454 et
1069 3413 1178 3456 recon-

77 3499 225 3561 ciliatione
246 3509 277 3558 et
295 3495 403 3556 viatico
423 3514 486 3554 non
507 3491 653 3552 deficiant.

132 3595 184 3654 XI.
223 3593 267 3651 Ut
285 3589 426 3650 ieiunium
452 3598 578 3666 quatuor
599 3596 769 3666 temporum
793 3594 824 3643 et
848 3582 905 3664 ipsi
923 3581 1100 3643 Sacerdotes
1119 3581 1177 3643 ob·

80 3697 206 3762 servent,
226 3695 257 3745 ct
275 3681 358 3764 plebi
378 3679 554 3744 denuntient
573 3677 795 3741 observandum.

132 3779 200 3840 XII.
239 3779 284 3837 Ut
302 3777 339 3837 ad
357 3766 479 3836 mallum
498 3772 601 3834 venire
620 3793 709 3834 nemo
728 3773 827 3832 tardet
844 3769 971 3852 primum
990 3765 1068 3828 circa
1083 3777 1180 3828 aesta--

79 3882 147 3948 tem,
166 3870 326 3933 secundum
346 3869 422 3932 circa
442 3879 621 3929 autumnum.
659 3865 707 3926 ad
726 3865 784 3924 alia
801 3881 875 3924 vero
894 3859 1012 3941 placita,
1031 3857 1056 3920 si
1074 3878 1177 3918 neces-

78 3964 144 4025 sitas
168 3957 274 4042 suerit,
295 3963 344 4026 vel
364 3961 549 4026 denuntiatio
568 3959 660 4042 Regis
678 3967 797 4041 urgeat,
820 3967 939 4018 vocatus
963 3952 1066 4014 venire
1089 3967 1178 4010 nemo
1254 4037 1258 4044 .

78 4057 218 4211 tlulilll.
255 4152 301 4210 Ut
319 4112 437 4230 quando
458 4148 661 4212 denuntiatum
680 4141 769 4202 suerit
787 4162 851 4223 pro
860 4143 945 4224 Rege
965 4137 1011 4202 vel
1030 4151 1086 4214 pro
1105 4130 1179 4191 fide·
1247 4159 1252 4168 ·

83 4243 156 4306 libus
175 4245 233 4307 suis
254 4243 387 4327 qualibet
406 4263 490 4304 cansa
510 4240 660 4303 orationes
679 4235 794 4312 lacere,
819 4253 908 4298 nemo
933 4250 967 4290 ex
990 4227 1049 4286 hoc
1074 4225 1179 4310 negle-

18 4385 19 4390 1
84 4355 153 4418 gens
172 4347 322 4420 appareat

138 4431 220 4492 XIV.
258 4429 362 4537 Nullus
391 4427 527 4498 sacerdos
550 4425 607 4490 nisi
633 4424 664 4486 in
687 4423 760 4486 locis
778 4419 847 4481 Deo
868 4403 985 4492 dicatis,
1014 4409 1090 4475 yel'
1081 4431 1112 4471 m
1131 4408 1181 4470 iti-
