2900 5086
183 1126 185 1135 ,
268 1107 274 1134 l

794 654 869 730 XC.

251 775 256 786 ’
399 767 567 828 ceroma
600 772 787 848 Memno,
829 783 915 840 Rex
946 767 1191 848 nudarum
1217 796 1265 850 et

354 877 356 885 ,
650 859 1005 930 Langobardorum

279 965 339 1022 post
355 953 537 1009 Romanorum
555 957 709 1030 imperator,
734 963 906 1033 llarimalam,
930 969 1075 1038 Budiliam,
1096 975 1263 1046 Fillurdum,'
1277 998 1306 1036 ot
1327 987 1393 1044 alias

330 1037 423 1100 Viltn,
440 1059 455 1092 a
472 1041 574 1096 Proavo
591 1064 638 1099 suo
657 1045 770 1118 Pippino
788 1049 938 1116 Hersntlio,
955 1057 1060 1128 aliisque
1077 1061 1183 1118 collatas
1199 1066 1339 1122 Ecclesiae

622 1129 819 1200 Aquisgr'anensi
852 1140 988 1192 continuat
1002 1141 1036 1214 ¹).

335 1265 459 1328 Karolus
486 1267 543 1330 Dei
569 1271 662 1352 gratia
688 1271 750 1333 Rex
773 1276 954 1342 Francorum
980 1294 1010 1344 et
1033 1285 1321 1374 Langobardorum,
1351 1319 1386 1360 ae
1434 1303 1435 1324 ¹

278 1355 421 1420 Patricius
438 1360 651 1424 Romanorum.
689 1367 736 1427 Ad
755 1373 896 1434 mercedis
921 1375 1066 1438 cumulum
1091 1401 1200 1466 augere
1224 1389 1384 1471 credimus,
1434 1443 1435 1480 ,

279 1449 421 1530 quidquid
441 1473 497 1533 pro
517 1475 617 1516 amore
636 1458 695 1518 Dei
716 1472 745 1520 et
769 1467 933 1528 reverentia
953 1467 1131 1536 Sanctorum
1156 1477 1229 1541 locis
1253 1503 1383 1548 venera·
1434 1487 1435 1564 l

278 1539 385 1604 bilibus
405 1545 618 1609 confirmamus.
693 1601 695 1608 .
783 1615 786 1626 ,
1434 1577 1435 1602 ³

333 1633 429 1715 Igitur
441 1637 558 1698 noverit
572 1644 702 1706 omnium
719 1647 846 1710 fidelium
859 1663 1028 1718 nostrorum
1040 1662 1223 1744 magnitudo,
1243 1689 1281 1732 eo
1298 1677 1378 1752 quod

275 1725 405 1808 inclytae
428 1733 587 1794 memoriae
607 1735 736 1799 Proavus
759 1754 861 1803 noster
878 1745 1021 1828 Pippinus
1033 1755 1092 1833 ²),
1111 1759 1259 1834 quondam
1280 1764 1377 1828 Maior

274 1818 404 1898 Domus,
427 1824 578 1887 Ecclesiae
599 1827 629 1888 S.
650 1832 775 1910 Mariae,
799 1836 886 1898 Novo
908 1839 1081 1924 castellot)
1101 1860 1304 1936 constructae,
1330 1861 1375 1921 di-

274 1929 370 1974 versas
389 1935 445 1992 res,
465 1939 521 1998 pro
541 1922 683 1982 mercedis
703 1940 861 2008 augmento
883 1933 971 1994 dedit
1010 1937 1099 2000 Unde
1118 1945 1279 2012 servientes
1300 1954 1376 2034 einsf
1434 1989 1435 2038 q

274 2004 340 2064 dem
361 2006 421 2069 loci
441 2011 673 2074 consolationem
693 2017 870 2083 substantiae
883 2047 974 2107 usque
994 2051 1073 2092 nunc
1093 2035 1147 2096 visi
1166 2053 1235 2101 sunt
1254 2043 1374 2127 babere,

271 2110 479 2180 perpetuoque
498 2114 633 2186 tempore
652 2107 729 2189 ipsas
749 2133 795 2173 res
815 2115 917 2194 quieto
937 2120 1041 2183 ordine
1061 2128 1212 2204 possidere
1227 2137 1373 2204 videntur.
1434 2161 1435 2226 j

272 2189 334 2251 Sed
358 2193 462 2254 asserit
480 2193 664 2261 Venerabilis
685 2200 739 2262 Vir
757 2205 980 2291 Erinhardus⁴)
999 2214 1115 2295 Abbas,
1146 2227 1225 2302 quod
1244 2230 1279 2290 de
1298 2233 1370 2314 ipsis
1434 2233 1435 2304 i

271 2281 359 2346 rebus
379 2285 458 2346 nulla
476 2289 637 2352 munimina
657 2305 707 2354 aut
725 2309 885 2362 strumenta
907 2302 1080 2372 Chartarum
1105 2336 1199 2395 penes
1222 2343 1251 2383 se
1276 2324 1369 2389 babe—
1434 2333 1435 2386 1

270 2387 336 2452 ant,
368 2399 423 2464 per
446 2401 520 2460 quae
542 2383 616 2464 ipsas
636 2407 683 2448 res
702 2387 765 2450 sine
785 2404 886 2456 nostra
909 2403 1082 2468 auctoritate
1108 2407 1225 2494 legibus
1242 2418 1369 2485 delendi
1434 2399 1435 2460 l

225 2519 228 2537 ,
268 2469 392 2546 possint.

326 2561 444 2638 Idcirco
458 2567 543 2645 petiit
562 2569 772 2638 aCelsitudine
792 2592 903 2660 nostra,
922 2597 955 2646 ut
971 2576 1163 2668 pernostram
1177 2599 1365 2688 Praeceptio.
1434 2635 1435 2644 κ

268 2671 336 2712 nem
358 2669 620 2742 quantamcumque
641 2665 717 2728 inira
738 2670 851 2755 Regna,
870 2675 939 2738 Deo
959 2686 1102 2765 propitio,
1120 2704 1230 2771 nostra,
1250 2710 1365 2783 tamque

182 2757 184 2773 ¹
266 2741 398 2808 Proavus
418 2761 519 2812 noster
539 2754 647 2816 ibidem
667 2759 699 2817 in
720 2763 781 2821 eius
802 2767 987 2850 eleemosyna
1007 2778 1082 2840 visus
1110 2795 1152 2842 est
1172 2791 1362 2874 condonasse,
1392 2841 1394 2846 -

267 2855 353 2912 quam
381 2851 411 2898 et
436 2845 545 2902 caeteri
569 2847 730 2909 Dominum
756 2853 891 2920 timentes
916 2859 1048 2930 homines
1073 2881 1259 2954 postmodum
1283 2889 1363 2952 addi-

267 2927 388 3007 derunt,
422 2951 495 3011 quae
516 2938 664 3026 possidere
684 2943 835 3026 videntur,
867 2953 965 3018 denuo
987 2965 1161 3030 confirmare
1177 2973 1357 3044 deberemus.

267 3018 358 3080 Cuius
383 3027 555 3104 petitionem
581 3033 726 3100 noluimus
753 3039 915 3137 denegare,
942 3055 993 3113 sed
1019 3057 1059 3117 ita
1079 3067 1255 3130 concessisse
1273 3082 1359 3154 atque

265 3113 469 3199 confirmasse,
489 3126 639 3207 cognosci.
677 3129 897 3216 Praecipientes
917 3145 1005 3222 enim,
1025 3161 1058 3209 ut
1078 3155 1216 3236 quicquid
1235 3163 1307 3225 iuste
1325 3189 1359 3231 ac

263 3207 480 3294 rationabiliter
498 3217 528 3276 in
550 3219 883 3310 denominandisvillis,
916 3247 946 3294 et
969 3253 1036 3310 sunt
1055 3243 1213 3312 Harimalla
1233 3255 1263 3314 in
1282 3279 1356 3344 pago

262 3297 475 3383 Hasbaniense,
486 3309 605 3373 Bndilio
623 3315 654 3372 in
665 3316 829 3381 Texandira
842 3325 882 3402 ⁵),
895 3326 919 3385 F
921 3328 1029 3394 ilsurdo
1040 3339 1070 3412 ⁸)
1081 3340 1110 3398 in
1123 3343 1310 3428 Bragbando,
1325 3354 1355 3415 in

261 3410 340 3472 pago
353 3395 488 3478 Hag'inao
502 3403 621 3483 Hrinio,
631 3407 774 3490 Huniolo,
786 3415 943 3501 Kiunegas,
955 3436 985 3484 et
995 3427 1182 3497 illaEcclesia
1195 3439 1354 3510 inWalde-

261 3481 363 3564 riego,
382 3488 525 3570 simulque
551 3496 728 3583 Achiniagas
750 3517 780 3564 et
798 3508 825 3567 al
844 3509 948 3592 Porto,
969 3539 1038 3596 quas
1057 3522 1088 3582 in
1109 3534 1282 3599 concambio
1301 3563 1351 3622 pro

262 3577 390 3637 avunculi
411 3600 603 3664 receperunt,
633 3603 663 3651 et
688 3596 800 3676 aliquos
823 3623 938 3667 mansos
958 3607 989 3668 in
1008 3615 1208 3705 Angelgiagas
1228 3628 1259 3689 in
1278 3653 1349 3717 pago

260 3661 385 3742 Leuhio,
405 3693 491 3752 quem
511 3677 645 3742 similiter
663 3685 694 3748 in
714 3694 887 3774 concambio
908 3704 1097 3782 proprietatis
1117 3713 1153 3774 de
1172 3720 1302 3786 Ecclesia
1321 3727 1349 3789 S.

260 3754 386 3834 seruauit
406 3782 671 3852 commutaverunt,
696 3801 752 3842 nec
772 3803 833 3844 non
853 3787 883 3848 in
904 3812 982 3875 pago
1002 3797 1139 3865 Luminse
1159 3807 1330 3898 Fraxinol).

314 3850 396 3915 Haec
417 3861 513 3921 omnia
534 3867 735 3951 denominata,
760 3889 897 3963 utsupra
918 3882 1052 3969 diximus,
1078 3896 1107 3957 id
1129 3911 1189 3976 est,
1213 3922 1348 3974 unacum

258 3949 380 4009 caeteris
401 3950 550 4032 domibus,
575 3963 728 4044 aedificiis,
754 3974 923 4056 accolabus,
947 3985 1114 4067 mancipiis,
1138 3981 1246 4075 vineis,
1265 4002 1346 4084 silvis,

256 4042 380 4129 eampis,
400 4045 505 4123 pratis,
526 4055 653 4132 pascuis,
673 4062 755 4140 aquis
775 4085 971 4152 aquarumque
989 4077 1175 4165 decursibus,
1194 4093 1345 4162 mobilibus

200 4140 206 4150 “
256 4140 286 4187 et
304 4132 522 4219 immobilibus,
541 4153 637 4212 totum
658 4156 742 4213 etad
763 4149 910 4244 integrum
931 4188 996 4228 cum
1017 4176 1150 4243 omnibus
1170 4189 1343 4268 appendiciis

255 4221 302 4279 vel
322 4227 490 4294 adiacentiis
512 4258 629 4314 corum,
661 4246 784 4322 qualiter
808 4259 955 4350 praesenti
978 4271 1111 4345 tempore
1137 4272 1199 4353 ipsa
1219 4279 1343 4347 Ecclesia

256 4313 373 4400 eiusque
389 4323 530 4393 Rectores
550 4333 746 4417 possiderunt,
768 4359 1031 4439 quantumcumque
1047 4361 1125 4426 Avus
1144 4380 1246 4432 noster
1263 4395 1344 4460 prae·
