2960 5094
543 431 550 458 ‘
645 451 702 519 ns

121 623 163 665 oo
190 601 280 663 nodo
301 603 431 666 civitates
457 602 589 684 partibus
609 605 825 668 Beneventanis
844 610 1023 671 contradere
1044 609 1133 672 nobis
1152 631 1224 694 pro-

112 695 344 780 ¹tinus-faciatis:
364 709 398 758 ut
418 697 486 758 dum
503 697 584 759 Missi
603 700 691 758 nestri
708 713 822 764 vestros
840 703 1023 782 susceperint
1039 703 1155 787 regales
1172 707 1224 768 fir-

122 791 265 852 missimos
290 790 412 866 allatus,
443 792 506 852 sine
536 785 667 872 qualibet
697 794 869 875 interposite
895 793 1038 860 dilatione
1062 798 1150 861 nobis
1168 779 1224 863 less

120 884 298 944 contrudere
323 885 377 944 sub
397 885 569 967 integritate
588 885 717 956 valeaut;
742 898 775 946 ut
791 887 888 948 nullus
908 889 960 964 sit,
987 891 1037 970 qni
1062 893 1156 972 possit
1174 913 1224 954 ex·

119 976 273 1060 stinguere
291 989 420 1040 vestram
438 973 584 1038 illibatum
595 977 857 1054 sacrificium3sed
875 982 933 1044 hoc
947 983 1023 1044 lucri
1042 987 1224 1066 potissimum

120 1071 283 1151 praemium
304 1071 501 1150 adquirentes,
521 1073 611 1156 digne
622 1071 805 1148 mercamini,
824 1095 882 1135 una
899 1097 966 1136 cum
977 1078 1102 1158 spiritali
1122 1091 1224 1140 nostra

65 1181 68 1193 ·
120 1161 182 1224 filia
207 1165 318 1225 domna
338 1163 468 1246 Regina,
493 1177 649 1246 vestraque
676 1165 860 1226 nobilissima
885 1169 1002 1246 sobole,
1027 1173 1059 1232 in
1078 1173 1224 1234 aethereis

119 1257 184 1318 sine
204 1258 266 1316 line
285 1274 410 1339 regnare
431 1257 556 1320 arcibus.
596 1259 779 1320 incolumem
789 1259 999 1323 Excellentiam
1009 1277 1136 1327 vestram
1154 1285 1223 1348 gra·

119 1347 164 1410 tia
184 1369 312 1431 superna
331 1351 485 1412 custodiat,

575 1529 774 1540 m

635 1657 710 1728 ΧΠ.

292 1781 478 1840 moment
496 1782 764 1850 'casalensis
782 1782 901 1840 Genu
917 1784 1059 1842 meoli

252 1894 256 1900 ·
439 1867 473 1938 11,Ι
490 1865 532 1926 26.
567 1865 643 1948 Perp
659 1867 735 1938 11,p.
754 1867 906 1940 7591q.¹).

162 1983 252 2044 ΔΡοει
275 1993 402 2045 mortem
420 1983 654 2048 victoriosissimi
673 1983 794 2064 Pippini
818 2006 884 2047 cum
903 1985 1010 2048 iterato
1030 1985 1225 2070 Longobardi

113 2077 246 2138 Romam
266 2074 326 2134 iam
344 2075 555 2152 inquietarent,
573 2076 696 2138 invictus
708 2077 842 2154 Karolus,
862 2080 991 2158 quamvis
1009 2079 1041 2140 in
1062 2079 1247 2162 cisalpinis·

116 2167 250 2249 partibus
270 2166 392 2229 nimium
413 2177 584 2246 occupatus,
604 2166 661 2242 iter
679 2169 834 2228 initaliam
853 2172 930 2232 baud
949 2173 1080 2255 segniter
1092 2173 1225 2254 arripuit,
1292 2204 1294 2215 ·

118 2273 150 2322 et
172 2262 331 2322 incruento
350 2259 432 2320 bello
447 2260 560 2336 ²)·sive
579 2269 744 2337 spontanea
764 2259 914 2324 deditione
932 2265 1099 2326 humiliatos
1117 2266 1150 2324 in
1163 2285 1226 2329 ser-

115 2341 223 2416 vilium
242 2351 357 2434 accepit
374 2351 606 2434 Langobardos,
638 2363 669 2412 et
693 2351 838 2414 firmitatis
858 2356 967 2436 gratia,
997 2376 1036 2414 ne
1061 2377 1227 2434 unquama
1268 2347 1275 2358 ’

118 2467 218 2529 regno
237 2447 418 2507 Francorum
437 2446 636 2520 discederent,
655 2444 703 2506 vel
726 2445 858 2508 terminis
879 2447 981 2509 Sancti
999 2447 1082 2508 Petri
1100 2447 1228 2528 aliquam

117 2532 292 2622 irrogarent
308 2539 445 2600 iniuriam
456 2539 544 2600 filiam
556 2537 704 2600 Desiderii
715 2537 984 2620 Longobardorum
996 2539 1138 2621 principis
1147 2541 1228 2604 duxit

116 2635 250 2696 uxorem
296 2631 365 2708 Qua
389 2654 451 2694 non
478 2644 548 2714 post
570 2631 694 2692 multum
714 2634 868 2712 temporis,
888 2633 955 2714 quia
976 2645 1052 2696 esset
1071 2634 1175 2708 clinica
1196 2647 1227 2696 et

118 2727 161 2788 ad
179 2727 400 2809 propagandam
420 2726 536 2807 prolem
555 2724 707 2800 inhabilis,
730 2725 841 2788 iudicio
860 2727 1226 2798 sanctissimorumsaeer-

118 2819 224 2882 dotum
242 2818 346 2880 relicta
364 2820 446 2881 velut
463 2830 595 2893 mortua,
623 2817 712 2880 iratus
737 2829 822 2970 {ater
841 2819 1006 2882 iuramento
1026 2819 1084 2892 sibi
1103 2823 1225 2902 provin-

118 2909 208 2975 tialcs
232 2911 413 2995 astringens,
437 2913 559 2993 ipseque
585 2911 617 2970 in
641 2911 731 2970 muris
776 2911 954 2974 icinensibus
977 2935 1009 2976 se
1033 2915 1226 2991 concludens,

116 3003 284 3066 invincibili
302 3005 413 3068 Karolo
433 3005 579 3066 rebellare
599 3003 750 3084 disposuit
781 3003 873 3078 Quod
893 3005 943 3066 ille
963 3027 1019 3088 pro
1039 3020 1122 3068 certo
1142 3028 1225 3070 com·

118 3097 249 3178 periens,
267 3097 337 3160 illuc
356 3097 617 3160 iter'acceleravit.
648 3097 784 3179 Contigit
803 3107 902 3158 autem
916 3109 983 3158 ante
996 3099 1110 3180 aliquot
1120 3119 1226 3176 annos,

119 3191 265 3270 quendam
291 3191 327 3250 de
352 3191 453 3272 primis
476 3189 674 3272 principibus,
703 3191 824 3252 nomine
845 3189 1049 3269 Otkerum⁸),
1080 3191 1226 3254 offensam

117 3283 327 3346 terribilissimi
346 3283 530 3364 imperatoris
549 3285 716 3357 incurrere,
737 3293 768 3344 et
787 3281 826 3342 ob
846 3282 878 3342 id
898 3282 935 3340 ad
955 3282 1081 3341 eundem
1099 3281 1225 3344 Deside-

117 3378 193 3438 ritnu
214 3375 388 3458 confugium
407 3376 513 3436 faeere.
547 3377 658 3436 Audito
680 3385 776 3434 autern
797 3373 924 3441 adventu
942 3373 1092 3434 metuendi
1111 3375 1225 3454 Karoli,

117 3469 315 3532 ascenderunt
338 3469 369 3529 in
389 3465 492 3528 turrim
513 3465 784 3558 eminentissimam,
809 3463 886 3524 unde
906 3463 997 3547 longe
1015 3463 1132 3547 lateque
1152 3487 1224 3550 pro.

116 3563 233 3644 spicere
252 3563 419 3625 venientem
438 3561 616 3640 'potuissent
658 3557 873 3638 Apparentibus
899 3579 970 3621 vcro
985 3559 1224 3648 impedimentis,

118 3676 195 3736 quae
216 3655 397 3736 expeditiora
415 3654 501 3716 Darii
517 3653 564 3717 vel
583 3653 654 3714 Iulii
671 3651 793 3714 luissent
812 3651 1058 3734 expeditionibus,
1078 3651 1147 3715 dixit
1158 3651 1222 3712 De·

118 3750 241 3813 siderius
266 3750 304 3810 ad
324 3748 479 3810 Otkerum:
509 3747 600 3812 Rom
618 3746 750 3808 Kmoluo
773 3747 1069 3809 eametexercitu?
1106 3745 1149 3806 At
1171 3745 1222 3808 ille

117 3841 287 3922 respondit:
317 3843 389 3904 Non
411 3839 513 3904 addon
559 3840 671 3902 vitem
694 3859 764 3902 vero
790 3839 947 3902 exereitum
972 3837 1159 3919 popularium
1184 3837 1221 3898 de
1294 3855 1296 3862 ·

117 3933 261 3997 latissimo
279 3935 405 4018 imperio
426 3945 649 4018 congregatum,
669 3931 792 3994 diffinite
804 3931 1053 4012 pronuntiavitad
1064 3931 1221 3992 Otkerum:

120 4029 206 4090 Vere
223 4033 255 4090 in
271 4027 317 4090 lais
334 4031 426 4106 copiis
435 4028 568 4092 Korolus
586 4026 707 4090 aaudiat
738 4025 905 4106 Respondit
925 4021 1148 4088 ostentasset
1162 4041 1222 4082 noo

161 4199 184 4250 ¹)
196 4196 294 4257 Beiloge
306 4211 336 4242 ιιι
348 4197 412 4255 Kap.
426 4197 472 4244 vl.

160 4265 184 4316 ²)
198 4263 301 4308 erinon
312 4265 358 4308 boc
371 4265 459 4309 bellum
471 4263 580 4308 'lictitlunr
592 4273 642 4306 esse
657 4267 762 4322 apparet.
776 4285 802 4296 ·-
817 4259 896 4307 Pertz.
1230 4295 1235 4307 .

158 4333 183 4384 θ)
198 4331 401 4376 Wabrtebeinliob
419 4331 462 4374 der
479 4329 543 4388 Oger
561 4328 601 4372 des
614 4327 787 4388 Sagenkreises.
820 4325 996 4382 Gir-'licitam
1010 4317 1118 4376 xxm,
1133 4317 1153 4379 l.
1168 4324 1220 4380 tas,

116 4403 172 4450 us.
195 4399 310 4446 ttrwthm
321 4397 381 4442 wird
394 4410 420 4442 er
434 4397 468 4442 als
480 4396 599 4456 Begloitor
610 4395 650 4438 des
664 4395 799 4442 Deciderint
812 4393 872 4439 eum
888 4393 920 4437 im
937 4385 1150 4445 etronmotntoc.
1168 4391 1220 4440 774,

115 4479 160 4525 ep.
178 4463 302 4521 Portet,
318 4479 343 4522 p.
353 4465 406 4520 295,
420 4467 457 4510 wo
470 4473 497 4509 es·
513 4461 611 4520 (igetius
623 4461 702 4514 Mitti·
929 4523 945 4606 [
979 4521 1019 4602 ᾖ]

155 4569 156 4572 ,
952 4545 968 4584 0

276 4791 285 4802 ι
332 4745 350 4775 ⁴
371 4753 377 4763 ἱ
