<?xml version="1.0" encoding="UTF-8"?>
<!DOCTYPE html PUBLIC "-//W3C//DTD XHTML 1.0 Transitional//EN"
    "http://www.w3.org/TR/xhtml1/DTD/xhtml1-transitional.dtd">
<html xmlns="http://www.w3.org/1999/xhtml" xml:lang="en" lang="en">
 <head>
  <title>
</title>
<meta http-equiv="Content-Type" content="text/html;charset=utf-8" />
  <meta name='ocr-system' content='tesseract 3.04.00' />
  <meta name='ocr-capabilities' content='ocr_page ocr_carea ocr_par ocr_line ocrx_word'/>
</head>
<body>
  <div class='ocr_page' id='page_1' title='image "./lebenundwandelk00egingoog_0129.png"; bbox 0 0 2908 5094; ppageno 0'>
   <div class='ocr_carea' id='block_1_1' title="bbox 572 433 690 526">
    <p class='ocr_par' dir='ltr' id='par_1_1' title="bbox 572 433 690 526">
     <span class='ocr_line' id='line_1_1' title="bbox 572 433 690 526; baseline 0.017 -2"><span class='ocrx_word' id='word_1_1' title='bbox 572 433 576 440; x_wconf 88' lang='grc'><strong>’</strong></span> <span class='ocrx_word' id='word_1_2' title='bbox 601 453 690 526; x_wconf 79' lang='lat' dir='ltr'><strong>na</strong></span> 
     </span>
    </p>
   </div>
   <div class='ocr_carea' id='block_1_2' title="bbox 21 605 1284 4522">
    <p class='ocr_par' dir='ltr' id='par_1_2' title="bbox 21 605 1284 4522">
     <span class='ocr_line' id='line_1_2' title="bbox 74 605 1196 692; baseline 0.014 -26"><span class='ocrx_word' id='word_1_3' title='bbox 74 605 169 684; x_wconf 83' lang='lat' dir='ltr'><strong>dulli,</strong></span> <span class='ocrx_word' id='word_1_4' title='bbox 195 605 281 669; x_wconf 85' lang='lat' dir='ltr'><strong>nobis</strong></span> <span class='ocrx_word' id='word_1_5' title='bbox 300 607 435 690; x_wconf 84' lang='lat' dir='ltr'><strong>relegere</strong></span> <span class='ocrx_word' id='word_1_6' title='bbox 454 607 633 687; x_wconf 75' lang='lat' dir='ltr'><strong>fecissemus,</strong></span> <span class='ocrx_word' id='word_1_7' title='bbox 650 611 783 692; x_wconf 77' lang='lat' dir='ltr'><strong>asperior</strong></span> <span class='ocrx_word' id='word_1_8' title='bbox 801 610 995 676; x_wconf 84' lang='lat' dir='ltr'><strong>multonobis</strong></span> <span class='ocrx_word' id='word_1_9' title='bbox 1006 626 1037 678; x_wconf 90' lang='lat' dir='ltr'><strong>et</strong></span> <span class='ocrx_word' id='word_1_10' title='bbox 1051 635 1119 680; x_wconf 87' lang='lat' dir='ltr'><strong>cum</strong></span> <span class='ocrx_word' id='word_1_11' title='bbox 1134 619 1196 682; x_wconf 85' lang='lat' dir='ltr'><strong>ira·</strong></span> 
     </span>
     <span class='ocr_line' id='line_1_3' title="bbox 77 701 1196 794; baseline 0.013 -34"><span class='ocrx_word' id='word_1_12' title='bbox 77 701 196 762; x_wconf 80' lang='lat' dir='ltr'><strong>cnrldia</strong></span> <span class='ocrx_word' id='word_1_13' title='bbox 217 704 381 783; x_wconf 89' lang='lat' dir='ltr'><strong>composita</strong></span> <span class='ocrx_word' id='word_1_14' title='bbox 400 715 508 778; x_wconf 80' lang='lat' dir='ltr'><strong>uestra,</strong></span> <span class='ocrx_word' id='word_1_15' title='bbox 527 721 616 782; x_wconf 88' lang='lat' dir='ltr'><strong>quam</strong></span> <span class='ocrx_word' id='word_1_16' title='bbox 635 703 810 782; x_wconf 84' lang='lat' dir='ltr'><strong>Theodulfi,</strong></span> <span class='ocrx_word' id='word_1_17' title='bbox 828 705 985 769; x_wconf 82' lang='lat' dir='ltr'><strong>videbatur</strong></span> <span class='ocrx_word' id='word_1_18' title='bbox 1003 711 1142 794; x_wconf 84' lang='lat' dir='ltr'><strong>epistola,</strong></span> <span class='ocrx_word' id='word_1_19' title='bbox 1164 725 1196 778; x_wconf 93' lang='lat' dir='ltr'><strong>et</strong></span> 
     </span>
     <span class='ocr_line' id='line_1_4' title="bbox 74 791 1207 886; baseline 0.013 -34"><span class='ocrx_word' id='word_1_20' title='bbox 74 794 108 852; x_wconf 92' lang='lat' dir='ltr'><strong>in</strong></span> <span class='ocrx_word' id='word_1_21' title='bbox 138 794 233 856; x_wconf 89' lang='lat' dir='ltr'><strong>nullo·</strong></span> <span class='ocrx_word' id='word_1_22' title='bbox 253 817 324 878; x_wconf 88' lang='lat' dir='ltr'><strong>arga</strong></span> <span class='ocrx_word' id='word_1_23' title='bbox 352 797 439 856; x_wconf 89' lang='lat' dir='ltr'><strong>illum</strong></span> <span class='ocrx_word' id='word_1_24' title='bbox 463 791 590 856; x_wconf 86' lang='lat' dir='ltr'><strong>caritatis</strong></span> <span class='ocrx_word' id='word_1_25' title='bbox 621 797 811 860; x_wconf 88' lang='lat' dir='ltr'><strong>condimento</strong></span> <span class='ocrx_word' id='word_1_26' title='bbox 836 819 990 882; x_wconf 84' lang='lat' dir='ltr'><strong>respersa,</strong></span> <span class='ocrx_word' id='word_1_27' title='bbox 1020 803 1072 864; x_wconf 89' lang='lat' dir='ltr'><strong>sed</strong></span> <span class='ocrx_word' id='word_1_28' title='bbox 1095 791 1207 886; x_wconf 79' lang='lat' dir='ltr'><strong>potius</strong></span> 
     </span>
     <span class='ocr_line' id='line_1_5' title="bbox 72 887 1195 971; baseline 0.018 -26"><span class='ocrx_word' id='word_1_29' title='bbox 72 887 163 964; x_wconf 89' lang='lat' dir='ltr'><strong>quasi</strong></span> <span class='ocrx_word' id='word_1_30' title='bbox 184 907 269 951; x_wconf 88' lang='lat' dir='ltr'><strong>reum</strong></span> <span class='ocrx_word' id='word_1_31' title='bbox 290 889 456 950; x_wconf 82' lang='lat' dir='ltr'><strong>defendens</strong></span> <span class='ocrx_word' id='word_1_32' title='bbox 481 899 512 948; x_wconf 83' lang='lat' dir='ltr'><strong>et</strong></span> <span class='ocrx_word' id='word_1_33' title='bbox 535 889 717 970; x_wconf 84' lang='lat' dir='ltr'><strong>Episcopum</strong></span> <span class='ocrx_word' id='word_1_34' title='bbox 741 911 892 971; x_wconf 86' lang='lat' dir='ltr'><strong>accusans,</strong></span> <span class='ocrx_word' id='word_1_35' title='bbox 919 905 950 956; x_wconf 89' lang='lat' dir='ltr'><strong>et</strong></span> <span class='ocrx_word' id='word_1_36' title='bbox 974 895 1031 956; x_wconf 89' lang='lat' dir='ltr'><strong>sub</strong></span> <span class='ocrx_word' id='word_1_37' title='bbox 1050 898 1195 964; x_wconf 84' lang='lat' dir='ltr'><strong>velamine</strong></span> 
     </span>
     <span class='ocr_line' id='line_1_6' title="bbox 72 981 1194 1064; baseline 0.017 -27"><span class='ocrx_word' id='word_1_38' title='bbox 72 981 211 1058; x_wconf 88' lang='lat' dir='ltr'><strong>quodam</strong></span> <span class='ocrx_word' id='word_1_39' title='bbox 236 983 326 1044; x_wconf 87' lang='lat' dir='ltr'><strong>celati</strong></span> <span class='ocrx_word' id='word_1_40' title='bbox 351 981 478 1042; x_wconf 88' lang='lat' dir='ltr'><strong>nominis</strong></span> <span class='ocrx_word' id='word_1_41' title='bbox 502 983 660 1046; x_wconf 85' lang='lat' dir='ltr'><strong>continens</strong></span> <span class='ocrx_word' id='word_1_42' title='bbox 685 981 734 1044; x_wconf 83' lang='lat' dir='ltr'><strong>uel</strong></span> <span class='ocrx_word' id='word_1_43' title='bbox 758 997 856 1064; x_wconf 87' lang='lat' dir='ltr'><strong>posset</strong></span> <span class='ocrx_word' id='word_1_44' title='bbox 879 987 926 1048; x_wconf 84' lang='lat' dir='ltr'><strong>rel</strong></span> <span class='ocrx_word' id='word_1_45' title='bbox 952 989 1067 1052; x_wconf 77' lang='lat' dir='ltr'><strong>admitti</strong></span> <span class='ocrx_word' id='word_1_46' title='bbox 1087 993 1125 1054; x_wconf 90' lang='lat' dir='ltr'><strong>ad</strong></span> <span class='ocrx_word' id='word_1_47' title='bbox 1143 1013 1194 1056; x_wconf 88' lang='lat' dir='ltr'><strong>ac-</strong></span> 
     </span>
     <span class='ocr_line' id='line_1_7' title="bbox 21 1063 1196 1168; baseline 0.013 -36"><span class='ocrx_word' id='word_1_48' title='bbox 21 1155 26 1162; x_wconf 26' lang='lat'>·</span> <span class='ocrx_word' id='word_1_49' title='bbox 71 1074 267 1135; x_wconf 78' lang='lat' dir='ltr'><strong>cusationem</strong></span> <span class='ocrx_word' id='word_1_50' title='bbox 286 1073 423 1147; x_wconf 68' lang='lat' dir='ltr'><strong>deberem</strong></span> <span class='ocrx_word' id='word_1_51' title='bbox 442 1081 509 1134; x_wconf 85' lang='lat' dir='ltr'><strong>cu&#39;m</strong></span> <span class='ocrx_word' id='word_1_52' title='bbox 528 1063 588 1137; x_wconf 77' lang='lat' dir='ltr'><strong>bo&#39;c</strong></span> <span class='ocrx_word' id='word_1_53' title='bbox 608 1077 732 1138; x_wconf 88' lang='lat' dir='ltr'><strong>omnino</strong></span> <span class='ocrx_word' id='word_1_54' title='bbox 757 1087 789 1138; x_wconf 93' lang='lat' dir='ltr'><strong>et</strong></span> <span class='ocrx_word' id='word_1_55' title='bbox 812 1077 908 1139; x_wconf 84' lang='lat' dir='ltr'><strong>divina</strong></span> <span class='ocrx_word' id='word_1_56' title='bbox 932 1092 963 1141; x_wconf 86' lang='lat' dir='ltr'><strong>et</strong></span> <span class='ocrx_word' id='word_1_57' title='bbox 981 1082 1107 1146; x_wconf 87' lang='lat' dir='ltr'><strong>bumana</strong></span> <span class='ocrx_word' id='word_1_58' title='bbox 1127 1085 1196 1168; x_wconf 84' lang='lat' dir='ltr'><strong>loge</strong></span> 
     </span>
     <span class='ocr_line' id='line_1_8' title="bbox 68 1165 1194 1258; baseline 0.01 -30"><span class='ocrx_word' id='word_1_59' title='bbox 68 1169 230 1229; x_wconf 86' lang='lat' dir='ltr'><strong>sancitum</strong></span> <span class='ocrx_word' id='word_1_60' title='bbox 255 1169 309 1244; x_wconf 88' lang='lat' dir='ltr'><strong>sit,</strong></span> <span class='ocrx_word' id='word_1_61' title='bbox 332 1165 406 1228; x_wconf 91' lang='lat' dir='ltr'><strong>nulli</strong></span> <span class='ocrx_word' id='word_1_62' title='bbox 431 1169 589 1230; x_wconf 88' lang='lat' dir='ltr'><strong>criminoso</strong></span> <span class='ocrx_word' id='word_1_63' title='bbox 614 1170 738 1232; x_wconf 89' lang='lat' dir='ltr'><strong>alterum</strong></span> <span class='ocrx_word' id='word_1_64' title='bbox 765 1172 920 1232; x_wconf 89' lang='lat' dir='ltr'><strong>accusandi</strong></span> <span class='ocrx_word' id='word_1_65' title='bbox 944 1175 1005 1236; x_wconf 85' lang='lat' dir='ltr'><strong>dari</strong></span> <span class='ocrx_word' id='word_1_66' title='bbox 1032 1175 1194 1258; x_wconf 77' lang='lat' dir='ltr'><strong>licentiam,</strong></span> 
     </span>
     <span class='ocr_line' id='line_1_9' title="bbox 68 1262 1194 1342; baseline 0.011 -20"><span class='ocrx_word' id='word_1_67' title='bbox 68 1283 261 1342; x_wconf 86' lang='lat' dir='ltr'><strong>quamquam</strong></span> <span class='ocrx_word' id='word_1_68' title='bbox 285 1283 302 1322; x_wconf 92' lang='lat' dir='ltr'><strong>a</strong></span> <span class='ocrx_word' id='word_1_69' title='bbox 325 1262 410 1324; x_wconf 85' lang='lat' dir='ltr'><strong>vobis</strong></span> <span class='ocrx_word' id='word_1_70' title='bbox 435 1262 473 1323; x_wconf 89' lang='lat' dir='ltr'><strong>ad</strong></span> <span class='ocrx_word' id='word_1_71' title='bbox 497 1263 557 1324; x_wconf 93' lang='lat' dir='ltr'><strong>boc</strong></span> <span class='ocrx_word' id='word_1_72' title='bbox 582 1264 720 1326; x_wconf 86' lang='lat' dir='ltr'><strong>delemus</strong></span> <span class='ocrx_word' id='word_1_73' title='bbox 750 1276 780 1325; x_wconf 91' lang='lat' dir='ltr'><strong>et</strong></span> <span class='ocrx_word' id='word_1_74' title='bbox 799 1275 988 1326; x_wconf 80' lang='lat' dir='ltr'><strong>conservatus</strong></span> <span class='ocrx_word' id='word_1_75' title='bbox 1005 1270 1044 1330; x_wconf 90' lang='lat' dir='ltr'><strong>sit</strong></span> <span class='ocrx_word' id='word_1_76' title='bbox 1060 1269 1115 1332; x_wconf 90' lang='lat' dir='ltr'><strong>snb</strong></span> <span class='ocrx_word' id='word_1_77' title='bbox 1134 1269 1194 1334; x_wconf 84' lang='lat' dir='ltr'><strong>ob·</strong></span> 
     </span>
     <span class='ocr_line' id='line_1_10' title="bbox 68 1355 1193 1437; baseline 0.002 -23"><span class='ocrx_word' id='word_1_78' title='bbox 68 1365 170 1416; x_wconf 90' lang='lat' dir='ltr'><strong>tentu</strong></span> <span class='ocrx_word' id='word_1_79' title='bbox 190 1355 326 1418; x_wconf 89' lang='lat' dir='ltr'><strong>iussionis</strong></span> <span class='ocrx_word' id='word_1_80' title='bbox 345 1355 472 1417; x_wconf 89' lang='lat' dir='ltr'><strong>nominis</strong></span> <span class='ocrx_word' id='word_1_81' title='bbox 492 1356 605 1432; x_wconf 86' lang='lat' dir='ltr'><strong>nostri;</strong></span> <span class='ocrx_word' id='word_1_82' title='bbox 630 1367 664 1416; x_wconf 94' lang='lat' dir='ltr'><strong>ut</strong></span> <span class='ocrx_word' id='word_1_83' title='bbox 689 1357 741 1437; x_wconf 92' lang='lat' dir='ltr'><strong>qui</strong></span> <span class='ocrx_word' id='word_1_84' title='bbox 766 1357 823 1418; x_wconf 89' lang='lat' dir='ltr'><strong>iam</strong></span> <span class='ocrx_word' id='word_1_85' title='bbox 851 1367 1000 1416; x_wconf 89' lang='lat' dir='ltr'><strong>accusatus</strong></span> <span class='ocrx_word' id='word_1_86' title='bbox 1019 1373 1049 1421; x_wconf 92' lang='lat' dir='ltr'><strong>et</strong></span> <span class='ocrx_word' id='word_1_87' title='bbox 1066 1362 1097 1422; x_wconf 92' lang='lat' dir='ltr'><strong>in</strong></span> <span class='ocrx_word' id='word_1_88' title='bbox 1117 1385 1193 1427; x_wconf 78' lang='lat' dir='ltr'><strong>con.</strong></span> 
     </span>
     <span class='ocr_line' id='line_1_11' title="bbox 69 1447 1192 1530; baseline 0.006 -21"><span class='ocrx_word' id='word_1_89' title='bbox 69 1459 187 1529; x_wconf 89' lang='lat' dir='ltr'><strong>spectu</strong></span> <span class='ocrx_word' id='word_1_90' title='bbox 206 1450 310 1530; x_wconf 91' lang='lat' dir='ltr'><strong>populi</strong></span> <span class='ocrx_word' id='word_1_91' title='bbox 329 1449 454 1511; x_wconf 86' lang='lat' dir='ltr'><strong>civitatis</strong></span> <span class='ocrx_word' id='word_1_92' title='bbox 472 1469 543 1510; x_wconf 86' lang='lat' dir='ltr'><strong>snae</strong></span> <span class='ocrx_word' id='word_1_93' title='bbox 562 1447 706 1510; x_wconf 88' lang='lat' dir='ltr'><strong>iudicatus</strong></span> <span class='ocrx_word' id='word_1_94' title='bbox 725 1461 780 1526; x_wconf 77' lang='lat' dir='ltr'><strong>est,</strong></span> <span class='ocrx_word' id='word_1_95' title='bbox 801 1448 959 1512; x_wconf 69' lang='lat' dir='ltr'><strong>armandi</strong></span> <span class='ocrx_word' id='word_1_96' title='bbox 971 1449 1070 1513; x_wconf 88' lang='lat' dir='ltr'><strong>locum</strong></span> <span class='ocrx_word' id='word_1_97' title='bbox 1081 1456 1192 1522; x_wconf 82' lang='lat' dir='ltr'><strong>babere</strong></span> 
     </span>
     <span class='ocr_line' id='line_1_12' title="bbox 71 1541 1192 1626; baseline 0.007 -24"><span class='ocrx_word' id='word_1_98' title='bbox 71 1541 222 1603; x_wconf 83' lang='lat' dir='ltr'><strong>Caesarei</strong></span> <span class='ocrx_word' id='word_1_99' title='bbox 242 1543 370 1605; x_wconf 89' lang='lat' dir='ltr'><strong>nominis</strong></span> <span class='ocrx_word' id='word_1_100' title='bbox 390 1543 590 1624; x_wconf 85' lang='lat' dir='ltr'><strong>appellatione</strong></span> <span class='ocrx_word' id='word_1_101' title='bbox 610 1543 745 1618; x_wconf 78' lang='lat' dir='ltr'><strong>deberat,</strong></span> <span class='ocrx_word' id='word_1_102' title='bbox 764 1544 801 1604; x_wconf 87' lang='lat' dir='ltr'><strong>ad</strong></span> <span class='ocrx_word' id='word_1_103' title='bbox 821 1542 985 1626; x_wconf 81' lang='lat' dir='ltr'><strong>exemplum</strong></span> <span class='ocrx_word' id='word_1_104' title='bbox 1004 1544 1087 1606; x_wconf 85' lang='lat' dir='ltr'><strong>beati</strong></span> <span class='ocrx_word' id='word_1_105' title='bbox 1105 1548 1192 1610; x_wconf 86' lang='lat' dir='ltr'><strong>Pauli</strong></span> 
     </span>
     <span class='ocr_line' id='line_1_13' title="bbox 70 1635 1190 1720; baseline 0.005 -24"><span class='ocrx_word' id='word_1_106' title='bbox 70 1636 231 1717; x_wconf 78' lang='lat' dir='ltr'><strong>Apostoli,</strong></span> <span class='ocrx_word' id='word_1_107' title='bbox 249 1636 302 1716; x_wconf 90' lang='lat' dir='ltr'><strong>qui</strong></span> <span class='ocrx_word' id='word_1_108' title='bbox 321 1636 400 1717; x_wconf 89' lang='lat' dir='ltr'><strong>apud</strong></span> <span class='ocrx_word' id='word_1_109' title='bbox 409 1635 563 1716; x_wconf 89' lang='lat' dir='ltr'><strong>Principes</strong></span> <span class='ocrx_word' id='word_1_110' title='bbox 582 1635 710 1698; x_wconf 87' lang='lat' dir='ltr'><strong>Iudaeae</strong></span> <span class='ocrx_word' id='word_1_111' title='bbox 730 1648 848 1720; x_wconf 82' lang='lat' dir='ltr'><strong>agente</strong></span> <span class='ocrx_word' id='word_1_112' title='bbox 863 1642 1091 1716; x_wconf 68' lang='lat' dir='ltr'><strong>snalaccusatus,</strong></span> <span class='ocrx_word' id='word_1_113' title='bbox 1110 1659 1190 1703; x_wconf 89' lang='lat' dir='ltr'><strong>uou-</strong></span> 
     </span>
     <span class='ocr_line' id='line_1_14' title="bbox 72 1728 1191 1812; baseline 0.005 -22"><span class='ocrx_word' id='word_1_114' title='bbox 72 1731 149 1790; x_wconf 92' lang='lat' dir='ltr'><strong>dum</strong></span> <span class='ocrx_word' id='word_1_115' title='bbox 169 1729 323 1806; x_wconf 89' lang='lat' dir='ltr'><strong>iudicatus,</strong></span> <span class='ocrx_word' id='word_1_116' title='bbox 344 1728 501 1790; x_wconf 88' lang='lat' dir='ltr'><strong>Caesarem</strong></span> <span class='ocrx_word' id='word_1_117' title='bbox 520 1729 690 1810; x_wconf 81' lang='lat' dir='ltr'><strong>appellavit,</strong></span> <span class='ocrx_word' id='word_1_118' title='bbox 710 1740 741 1790; x_wconf 91' lang='lat' dir='ltr'><strong>et</strong></span> <span class='ocrx_word' id='word_1_119' title='bbox 759 1729 797 1790; x_wconf 90' lang='lat' dir='ltr'><strong>ab</strong></span> <span class='ocrx_word' id='word_1_120' title='bbox 818 1730 928 1791; x_wconf 88' lang='lat' dir='ltr'><strong>eisdem</strong></span> <span class='ocrx_word' id='word_1_121' title='bbox 944 1730 1134 1812; x_wconf 83' lang='lat' dir='ltr'><strong>Principibus</strong></span> <span class='ocrx_word' id='word_1_122' title='bbox 1152 1734 1191 1796; x_wconf 88' lang='lat' dir='ltr'><strong>ad</strong></span> 
     </span>
     <span class='ocr_line' id='line_1_15' title="bbox 73 1821 1284 1904; baseline 0.005 -22"><span class='ocrx_word' id='word_1_123' title='bbox 73 1821 242 1884; x_wconf 84' lang='lat' dir='ltr'><strong>Caesarem</strong></span> <span class='ocrx_word' id='word_1_124' title='bbox 261 1822 433 1884; x_wconf 88' lang='lat' dir='ltr'><strong>iudicandus</strong></span> <span class='ocrx_word' id='word_1_125' title='bbox 452 1821 553 1884; x_wconf 89' lang='lat' dir='ltr'><strong>missus</strong></span> <span class='ocrx_word' id='word_1_126' title='bbox 574 1834 627 1884; x_wconf 84' lang='lat' dir='ltr'><strong>est</strong></span> <span class='ocrx_word' id='word_1_127' title='bbox 660 1822 752 1898; x_wconf 92' lang='lat' dir='ltr'><strong>Quod</strong></span> <span class='ocrx_word' id='word_1_128' title='bbox 771 1843 958 1904; x_wconf 88' lang='lat' dir='ltr'><strong>nequaquam</strong></span> <span class='ocrx_word' id='word_1_129' title='bbox 968 1827 1117 1904; x_wconf 87' lang='lat' dir='ltr'><strong>praesenti</strong></span> <span class='ocrx_word' id='word_1_130' title='bbox 1135 1846 1192 1888; x_wconf 87' lang='lat' dir='ltr'><strong>ne·</strong></span> <span class='ocrx_word' id='word_1_131' title='bbox 1281 1845 1284 1869; x_wconf 82' lang='lat'><em>¹</em></span> 
     </span>
     <span class='ocr_line' id='line_1_16' title="bbox 71 1914 1230 1998; baseline 0.004 -21"><span class='ocrx_word' id='word_1_132' title='bbox 71 1915 167 1997; x_wconf 85' lang='lat' dir='ltr'><strong>gotio</strong></span> <span class='ocrx_word' id='word_1_133' title='bbox 188 1916 342 1977; x_wconf 84' lang='lat' dir='ltr'><strong>convenit:</strong></span> <span class='ocrx_word' id='word_1_134' title='bbox 367 1914 475 1975; x_wconf 90' lang='lat' dir='ltr'><strong>Paulus</strong></span> <span class='ocrx_word' id='word_1_135' title='bbox 500 1916 579 1975; x_wconf 89' lang='lat' dir='ltr'><strong>enim</strong></span> <span class='ocrx_word' id='word_1_136' title='bbox 598 1915 761 1996; x_wconf 78' lang='lat' dir='ltr'><strong>Apostolus</strong></span> <span class='ocrx_word' id='word_1_137' title='bbox 781 1937 797 1976; x_wconf 90' lang='lat' dir='ltr'><strong>a</strong></span> <span class='ocrx_word' id='word_1_138' title='bbox 817 1916 933 1978; x_wconf 86' lang='lat' dir='ltr'><strong>ludaeis</strong></span> <span class='ocrx_word' id='word_1_139' title='bbox 952 1929 1118 1998; x_wconf 84' lang='lat' dir='ltr'><strong>accusatus,</strong></span> <span class='ocrx_word' id='word_1_140' title='bbox 1139 1920 1193 1982; x_wconf 86' lang='lat' dir='ltr'><strong>sed</strong></span> <span class='ocrx_word' id='word_1_141' title='bbox 1226 1953 1230 1962; x_wconf 88' lang='lat'><strong>·</strong></span> 
     </span>
     <span class='ocr_line' id='line_1_17' title="bbox 71 2004 1192 2090; baseline 0.005 -22"><span class='ocrx_word' id='word_1_142' title='bbox 71 2029 145 2068; x_wconf 92' lang='lat' dir='ltr'><strong>non</strong></span> <span class='ocrx_word' id='word_1_143' title='bbox 166 2009 325 2081; x_wconf 70' lang='lat' dir='ltr'><strong>iudicatum,</strong></span> <span class='ocrx_word' id='word_1_144' title='bbox 351 2004 508 2065; x_wconf 86' lang='lat' dir='ltr'><strong>Caesarem</strong></span> <span class='ocrx_word' id='word_1_145' title='bbox 527 2007 688 2086; x_wconf 85' lang='lat' dir='ltr'><strong>appellavit</strong></span> <span class='ocrx_word' id='word_1_146' title='bbox 712 2019 742 2068; x_wconf 91' lang='lat' dir='ltr'><strong>et</strong></span> <span class='ocrx_word' id='word_1_147' title='bbox 766 2008 846 2070; x_wconf 89' lang='lat' dir='ltr'><strong>adire</strong></span> <span class='ocrx_word' id='word_1_148' title='bbox 865 2009 1021 2090; x_wconf 87' lang='lat' dir='ltr'><strong>permissus</strong></span> <span class='ocrx_word' id='word_1_149' title='bbox 1042 2021 1094 2073; x_wconf 80' lang='lat' dir='ltr'><strong>est</strong></span> <span class='ocrx_word' id='word_1_150' title='bbox 1132 2013 1192 2074; x_wconf 87' lang='lat' dir='ltr'><strong>Hic</strong></span> 
     </span>
     <span class='ocr_line' id='line_1_18' title="bbox 71 2095 1278 2184; baseline 0.002 -23"><span class='ocrx_word' id='word_1_151' title='bbox 71 2120 154 2162; x_wconf 86' lang='lat' dir='ltr'><strong>vero</strong></span> <span class='ocrx_word' id='word_1_152' title='bbox 174 2099 292 2184; x_wconf 69' lang='lat' dir='ltr'><strong>insumis</strong></span> <span class='ocrx_word' id='word_1_153' title='bbox 312 2095 446 2158; x_wconf 83' lang='lat' dir='ltr'><strong>Clericus</strong></span> <span class='ocrx_word' id='word_1_154' title='bbox 474 2107 505 2156; x_wconf 90' lang='lat' dir='ltr'><strong>et</strong></span> <span class='ocrx_word' id='word_1_155' title='bbox 530 2111 695 2174; x_wconf 88' lang='lat' dir='ltr'><strong>accusatus,</strong></span> <span class='ocrx_word' id='word_1_156' title='bbox 720 2102 931 2180; x_wconf 76' lang='lat' dir='ltr'><strong>etiudicatus,</strong></span> <span class='ocrx_word' id='word_1_157' title='bbox 954 2115 985 2164; x_wconf 90' lang='lat' dir='ltr'><strong>et</strong></span> <span class='ocrx_word' id='word_1_158' title='bbox 1006 2103 1039 2164; x_wconf 90' lang='lat' dir='ltr'><strong>iu</strong></span> <span class='ocrx_word' id='word_1_159' title='bbox 1058 2104 1193 2167; x_wconf 82' lang='lat' dir='ltr'><strong>custodia</strong></span> <span class='ocrx_word' id='word_1_160' title='bbox 1274 2141 1278 2164; x_wconf 81' lang='lat' dir='ltr'><strong>t</strong></span> 
     </span>
     <span class='ocr_line' id='line_1_19' title="bbox 71 2188 1192 2278; baseline 0.005 -24"><span class='ocrx_word' id='word_1_161' title='bbox 71 2193 202 2269; x_wconf 86' lang='lat' dir='ltr'><strong>missus,</strong></span> <span class='ocrx_word' id='word_1_162' title='bbox 222 2203 253 2254; x_wconf 92' lang='lat' dir='ltr'><strong>et</strong></span> <span class='ocrx_word' id='word_1_163' title='bbox 272 2191 309 2252; x_wconf 89' lang='lat' dir='ltr'><strong>de</strong></span> <span class='ocrx_word' id='word_1_164' title='bbox 329 2188 463 2252; x_wconf 89' lang='lat' dir='ltr'><strong>custodia</strong></span> <span class='ocrx_word' id='word_1_165' title='bbox 482 2189 614 2269; x_wconf 90' lang='lat' dir='ltr'><strong>elapsus,</strong></span> <span class='ocrx_word' id='word_1_166' title='bbox 632 2189 798 2267; x_wconf 84' lang='lat' dir='ltr'><strong>basilicam,</strong></span> <span class='ocrx_word' id='word_1_167' title='bbox 816 2214 903 2272; x_wconf 88' lang='lat' dir='ltr'><strong>quam</strong></span> <span class='ocrx_word' id='word_1_168' title='bbox 921 2194 979 2254; x_wconf 85' lang='lat' dir='ltr'><strong>nisi</strong></span> <span class='ocrx_word' id='word_1_169' title='bbox 996 2207 1065 2276; x_wconf 91' lang='lat' dir='ltr'><strong>post</strong></span> <span class='ocrx_word' id='word_1_170' title='bbox 1083 2197 1192 2278; x_wconf 90' lang='lat' dir='ltr'><strong>poeni-</strong></span> 
     </span>
     <span class='ocr_line' id='line_1_20' title="bbox 72 2281 1192 2369; baseline 0.005 -23"><span class='ocrx_word' id='word_1_171' title='bbox 72 2286 202 2348; x_wconf 89' lang='lat' dir='ltr'><strong>tentiam</strong></span> <span class='ocrx_word' id='word_1_172' title='bbox 222 2284 340 2368; x_wconf 83' lang='lat' dir='ltr'><strong>ingredi</strong></span> <span class='ocrx_word' id='word_1_173' title='bbox 359 2303 423 2344; x_wconf 89' lang='lat' dir='ltr'><strong>nun</strong></span> <span class='ocrx_word' id='word_1_174' title='bbox 443 2281 598 2358; x_wconf 78' lang='lat' dir='ltr'><strong>debuerat,</strong></span> <span class='ocrx_word' id='word_1_175' title='bbox 617 2282 841 2366; x_wconf 67' lang='lat' dir='ltr'><strong>eontra³legem</strong></span> <span class='ocrx_word' id='word_1_176' title='bbox 859 2286 1018 2366; x_wconf 84' lang='lat' dir='ltr'><strong>ingressus,</strong></span> <span class='ocrx_word' id='word_1_177' title='bbox 1037 2299 1068 2351; x_wconf 88' lang='lat' dir='ltr'><strong>et</strong></span> <span class='ocrx_word' id='word_1_178' title='bbox 1085 2290 1192 2369; x_wconf 84' lang='lat' dir='ltr'><strong>adbuc,</strong></span> 
     </span>
     <span class='ocr_line' id='line_1_21' title="bbox 74 2376 1193 2458; baseline 0.004 -20"><span class='ocrx_word' id='word_1_179' title='bbox 74 2391 113 2438; x_wconf 88' lang='lat' dir='ltr'><strong>nt</strong></span> <span class='ocrx_word' id='word_1_180' title='bbox 133 2379 244 2452; x_wconf 79' lang='lat' dir='ltr'><strong>femur,</strong></span> <span class='ocrx_word' id='word_1_181' title='bbox 268 2398 407 2458; x_wconf 75' lang='lat' dir='ltr'><strong>perverse</strong></span> <span class='ocrx_word' id='word_1_182' title='bbox 431 2377 532 2439; x_wconf 81' lang='lat' dir='ltr'><strong>vivere</strong></span> <span class='ocrx_word' id='word_1_183' title='bbox 557 2395 621 2436; x_wconf 89' lang='lat' dir='ltr'><strong>nnn</strong></span> <span class='ocrx_word' id='word_1_184' title='bbox 646 2395 778 2453; x_wconf 85' lang='lat' dir='ltr'><strong>cessans,</strong></span> <span class='ocrx_word' id='word_1_185' title='bbox 802 2389 836 2438; x_wconf 91' lang='lat' dir='ltr'><strong>ut</strong></span> <span class='ocrx_word' id='word_1_186' title='bbox 859 2376 970 2453; x_wconf 83' lang='lat' dir='ltr'><strong>dicitis,</strong></span> <span class='ocrx_word' id='word_1_187' title='bbox 992 2377 1068 2438; x_wconf 88' lang='lat' dir='ltr'><strong>sicut</strong></span> <span class='ocrx_word' id='word_1_188' title='bbox 1084 2379 1193 2442; x_wconf 79' lang='lat' dir='ltr'><strong>Paulus</strong></span> 
     </span>
     <span class='ocr_line' id='line_1_22' title="bbox 73 2467 1193 2552; baseline 0.002 -20"><span class='ocrx_word' id='word_1_189' title='bbox 73 2470 246 2552; x_wconf 84' lang='lat' dir='ltr'><strong>Apostolus</strong></span> <span class='ocrx_word' id='word_1_190' title='bbox 267 2471 423 2532; x_wconf 83' lang='lat' dir='ltr'><strong>Caesarem</strong></span> <span class='ocrx_word' id='word_1_191' title='bbox 443 2469 621 2550; x_wconf 87' lang='lat' dir='ltr'><strong>appellavit,</strong></span> <span class='ocrx_word' id='word_1_192' title='bbox 644 2469 697 2530; x_wconf 85' lang='lat' dir='ltr'><strong>sed</strong></span> <span class='ocrx_word' id='word_1_193' title='bbox 722 2491 908 2552; x_wconf 86' lang='lat' dir='ltr'><strong>nequaquam</strong></span> <span class='ocrx_word' id='word_1_194' title='bbox 932 2481 966 2530; x_wconf 89' lang='lat' dir='ltr'><strong>ut</strong></span> <span class='ocrx_word' id='word_1_195' title='bbox 984 2469 1093 2532; x_wconf 86' lang='lat' dir='ltr'><strong>Paulus</strong></span> <span class='ocrx_word' id='word_1_196' title='bbox 1113 2467 1193 2534; x_wconf 86' lang='lat' dir='ltr'><strong>Cae·</strong></span> 
     </span>
     <span class='ocr_line' id='line_1_23' title="bbox 74 2562 1192 2644; baseline 0 -18"><span class='ocrx_word' id='word_1_197' title='bbox 74 2585 176 2626; x_wconf 88' lang='lat' dir='ltr'><strong>sarem</strong></span> <span class='ocrx_word' id='word_1_198' title='bbox 196 2563 328 2626; x_wconf 83' lang='lat' dir='ltr'><strong>aditurus</strong></span> <span class='ocrx_word' id='word_1_199' title='bbox 349 2573 406 2626; x_wconf 59' lang='lat' dir='ltr'><strong>ests·</strong></span> <span class='ocrx_word' id='word_1_200' title='bbox 441 2563 490 2622; x_wconf 93' lang='lat' dir='ltr'><strong>Illi</strong></span> <span class='ocrx_word' id='word_1_201' title='bbox 511 2562 591 2623; x_wconf 87' lang='lat' dir='ltr'><strong>enim</strong></span> <span class='ocrx_word' id='word_1_202' title='bbox 610 2562 693 2642; x_wconf 90' lang='lat' dir='ltr'><strong>apud</strong></span> <span class='ocrx_word' id='word_1_203' title='bbox 710 2582 797 2643; x_wconf 84' lang='lat' dir='ltr'><strong>quem</strong></span> <span class='ocrx_word' id='word_1_204' title='bbox 816 2575 977 2642; x_wconf 86' lang='lat' dir='ltr'><strong>accusatus,</strong></span> <span class='ocrx_word' id='word_1_205' title='bbox 995 2575 1027 2626; x_wconf 88' lang='lat' dir='ltr'><strong>et</strong></span> <span class='ocrx_word' id='word_1_206' title='bbox 1045 2583 1133 2644; x_wconf 83' lang='lat' dir='ltr'><strong>aquo</strong></span> <span class='ocrx_word' id='word_1_207' title='bbox 1144 2563 1192 2626; x_wconf 87' lang='lat' dir='ltr'><strong>iu-</strong></span> 
     </span>
     <span class='ocr_line' id='line_1_24' title="bbox 75 2594 1192 2742; baseline -0.001 -24"><span class='ocrx_word' id='word_1_208' title='bbox 75 2659 202 2734; x_wconf 88' lang='lat' dir='ltr'><strong>dicatus,</strong></span> <span class='ocrx_word' id='word_1_209' title='bbox 222 2668 312 2738; x_wconf 86' lang='lat' dir='ltr'><strong>atque</strong></span> <span class='ocrx_word' id='word_1_210' title='bbox 328 2594 516 2742; x_wconf 35' lang='lat' dir='ltr'><strong>intendatis</strong></span> <span class='ocrx_word' id='word_1_211' title='bbox 535 2655 638 2716; x_wconf 88' lang='lat' dir='ltr'><strong>missus</strong></span> <span class='ocrx_word' id='word_1_212' title='bbox 658 2667 712 2733; x_wconf 80' lang='lat' dir='ltr'><strong>est,</strong></span> <span class='ocrx_word' id='word_1_213' title='bbox 732 2657 819 2718; x_wconf 90' lang='lat' dir='ltr'><strong>etde</strong></span> <span class='ocrx_word' id='word_1_214' title='bbox 839 2657 1071 2720; x_wconf 85' lang='lat' dir='ltr'><strong>cuius-custodia</strong></span> <span class='ocrx_word' id='word_1_215' title='bbox 1090 2657 1192 2736; x_wconf 79' lang='lat' dir='ltr'><strong>evasit,</strong></span> 
     </span>
     <span class='ocr_line' id='line_1_25' title="bbox 74 2725 1191 2840; baseline 0.004 -28"><span class='ocrx_word' id='word_1_216' title='bbox 74 2750 275 2840; x_wconf 87' lang='lat' dir='ltr'><strong>praecipimus</strong></span> <span class='ocrx_word' id='word_1_217' title='bbox 295 2759 329 2810; x_wconf 91' lang='lat' dir='ltr'><strong>ut</strong></span> <span class='ocrx_word' id='word_1_218' title='bbox 346 2725 498 2825; x_wconf 59' lang='lat' dir='ltr'><strong>rffldatnr,</strong></span> <span class='ocrx_word' id='word_1_219' title='bbox 517 2760 548 2810; x_wconf 90' lang='lat' dir='ltr'><strong>et</strong></span> <span class='ocrx_word' id='word_1_220' title='bbox 565 2749 617 2810; x_wconf 89' lang='lat' dir='ltr'><strong>ille</strong></span> <span class='ocrx_word' id='word_1_221' title='bbox 637 2770 704 2810; x_wconf 91' lang='lat' dir='ltr'><strong>eum</strong></span> <span class='ocrx_word' id='word_1_222' title='bbox 724 2752 762 2814; x_wconf 88' lang='lat' dir='ltr'><strong>ad</strong></span> <span class='ocrx_word' id='word_1_223' title='bbox 776 2763 909 2814; x_wconf 80' lang='lat' dir='ltr'><strong>nostmm</strong></span> <span class='ocrx_word' id='word_1_224' title='bbox 921 2750 1111 2828; x_wconf 62' lang='lat' dir='ltr'><strong>audentiam,</strong></span> <span class='ocrx_word' id='word_1_225' title='bbox 1127 2751 1191 2816; x_wconf 77' lang='lat' dir='ltr'><strong>sive</strong></span> 
     </span>
     <span class='ocr_line' id='line_1_26' title="bbox 76 2831 1273 2926; baseline 0 -20"><span class='ocrx_word' id='word_1_226' title='bbox 76 2865 154 2907; x_wconf 83' lang='lat' dir='ltr'><strong>vera·</strong></span> <span class='ocrx_word' id='word_1_227' title='bbox 169 2845 230 2907; x_wconf 82' lang='lat' dir='ltr'><strong>sive</strong></span> <span class='ocrx_word' id='word_1_228' title='bbox 249 2843 322 2906; x_wconf 82' lang='lat' dir='ltr'><strong>falsa</strong></span> <span class='ocrx_word' id='word_1_229' title='bbox 342 2843 501 2920; x_wconf 86' lang='lat' dir='ltr'><strong>dicentem,</strong></span> <span class='ocrx_word' id='word_1_230' title='bbox 520 2844 660 2917; x_wconf 67' lang='lat' dir='ltr'><strong>adducam</strong></span> <span class='ocrx_word' id='word_1_231' title='bbox 680 2845 831 2926; x_wconf 78' lang='lat' dir='ltr'><strong>quianon</strong></span> <span class='ocrx_word' id='word_1_232' title='bbox 851 2846 938 2908; x_wconf 87' lang='lat' dir='ltr'><strong>decet</strong></span> <span class='ocrx_word' id='word_1_233' title='bbox 955 2857 989 2906; x_wconf 91' lang='lat' dir='ltr'><strong>ut</strong></span> <span class='ocrx_word' id='word_1_234' title='bbox 1000 2855 1126 2926; x_wconf 88' lang='lat' dir='ltr'><strong>propter</strong></span> <span class='ocrx_word' id='word_1_235' title='bbox 1143 2855 1191 2906; x_wconf 89' lang='lat' dir='ltr'><strong>ta-</strong></span> <span class='ocrx_word' id='word_1_236' title='bbox 1269 2831 1273 2844; x_wconf 76' lang='grc'><strong>’</strong></span> 
     </span>
     <span class='ocr_line' id='line_1_27' title="bbox 77 2935 1192 3016; baseline 0 -18"><span class='ocrx_word' id='word_1_237' title='bbox 77 2937 142 3000; x_wconf 80' lang='lat' dir='ltr'><strong>lem</strong></span> <span class='ocrx_word' id='word_1_238' title='bbox 161 2939 313 3000; x_wconf 85' lang='lat' dir='ltr'><strong>hominem</strong></span> <span class='ocrx_word' id='word_1_239' title='bbox 332 2949 458 3008; x_wconf 85' lang='lat' dir='ltr'><strong>nostrae¹</strong></span> <span class='ocrx_word' id='word_1_240' title='bbox 471 2937 584 3016; x_wconf 90' lang='lat' dir='ltr'><strong>primae</strong></span> <span class='ocrx_word' id='word_1_241' title='bbox 604 2937 739 2999; x_wconf 87' lang='lat' dir='ltr'><strong>iussionis</strong></span> <span class='ocrx_word' id='word_1_242' title='bbox 759 2939 817 3000; x_wconf 89' lang='lat' dir='ltr'><strong>ulla</strong></span> <span class='ocrx_word' id='word_1_243' title='bbox 841 2939 893 3000; x_wconf 88' lang='lat' dir='ltr'><strong>liat</strong></span> <span class='ocrx_word' id='word_1_244' title='bbox 910 2938 1084 3000; x_wconf 85' lang='lat' dir='ltr'><strong>immutatio.</strong></span> <span class='ocrx_word' id='word_1_245' title='bbox 1129 2935 1192 2998; x_wconf 81' lang='lat' dir='ltr'><strong>Sed</strong></span> 
     </span>
     <span class='ocr_line' id='line_1_28' title="bbox 78 3029 1190 3110; baseline 0 -18"><span class='ocrx_word' id='word_1_246' title='bbox 78 3044 110 3092; x_wconf 93' lang='lat' dir='ltr'><strong>et</strong></span> <span class='ocrx_word' id='word_1_247' title='bbox 130 3033 217 3096; x_wconf 81' lang='lat' dir='ltr'><strong>valde</strong></span> <span class='ocrx_word' id='word_1_248' title='bbox 236 3031 378 3110; x_wconf 84' lang='lat' dir='ltr'><strong>miramur</strong></span> <span class='ocrx_word' id='word_1_249' title='bbox 397 3051 450 3091; x_wconf 88' lang='lat' dir='ltr'><strong>cur</strong></span> <span class='ocrx_word' id='word_1_250' title='bbox 468 3029 554 3090; x_wconf 86' lang='lat' dir='ltr'><strong>vobis</strong></span> <span class='ocrx_word' id='word_1_251' title='bbox 578 3029 648 3090; x_wconf 86' lang='lat' dir='ltr'><strong>solis</strong></span> <span class='ocrx_word' id='word_1_252' title='bbox 673 3031 767 3091; x_wconf 83' lang='lat' dir='ltr'><strong>visum</strong></span> <span class='ocrx_word' id='word_1_253' title='bbox 791 3032 830 3092; x_wconf 88' lang='lat' dir='ltr'><strong>sit</strong></span> <span class='ocrx_word' id='word_1_254' title='bbox 859 3041 978 3092; x_wconf 89' lang='lat' dir='ltr'><strong>nostrae</strong></span> <span class='ocrx_word' id='word_1_255' title='bbox 1007 3029 1190 3092; x_wconf 72' lang='lat' dir='ltr'><strong>auctoritatis</strong></span> 
     </span>
     <span class='ocr_line' id='line_1_29' title="bbox 78 3118 1191 3203; baseline 0 -17"><span class='ocrx_word' id='word_1_256' title='bbox 78 3118 228 3186; x_wconf 72' lang='lat' dir='ltr'><strong>mumioni</strong></span> <span class='ocrx_word' id='word_1_257' title='bbox 249 3137 280 3188; x_wconf 89' lang='lat' dir='ltr'><strong>et</strong></span> <span class='ocrx_word' id='word_1_258' title='bbox 299 3123 421 3192; x_wconf 85' lang='lat' dir='ltr'><strong>decreto</strong></span> <span class='ocrx_word' id='word_1_259' title='bbox 441 3123 694 3199; x_wconf 86' lang='lat' dir='ltr'><strong>contraeundum,</strong></span> <span class='ocrx_word' id='word_1_260' title='bbox 724 3143 791 3182; x_wconf 88' lang='lat' dir='ltr'><strong>cum</strong></span> <span class='ocrx_word' id='word_1_261' title='bbox 815 3121 928 3203; x_wconf 87' lang='lat' dir='ltr'><strong>liquido</strong></span> <span class='ocrx_word' id='word_1_262' title='bbox 955 3133 1070 3202; x_wconf 82' lang='lat' dir='ltr'><strong>pateat,</strong></span> <span class='ocrx_word' id='word_1_263' title='bbox 1100 3131 1132 3182; x_wconf 86' lang='lat' dir='ltr'><strong>et</strong></span> <span class='ocrx_word' id='word_1_264' title='bbox 1155 3139 1191 3186; x_wconf 75' lang='lat' dir='ltr'><strong>tt</strong></span> 
     </span>
     <span class='ocr_line' id='line_1_30' title="bbox 79 3213 1226 3297; baseline -0.003 -18"><span class='ocrx_word' id='word_1_265' title='bbox 79 3218 298 3280; x_wconf 87' lang='lat' dir='ltr'><strong>cousuetudine</strong></span> <span class='ocrx_word' id='word_1_266' title='bbox 324 3217 416 3278; x_wconf 88' lang='lat' dir='ltr'><strong>veteri</strong></span> <span class='ocrx_word' id='word_1_267' title='bbox 441 3227 473 3278; x_wconf 88' lang='lat' dir='ltr'><strong>et</strong></span> <span class='ocrx_word' id='word_1_268' title='bbox 496 3237 530 3278; x_wconf 83' lang='lat' dir='ltr'><strong>cx</strong></span> <span class='ocrx_word' id='word_1_269' title='bbox 555 3215 767 3278; x_wconf 90' lang='lat' dir='ltr'><strong>constitutione</strong></span> <span class='ocrx_word' id='word_1_270' title='bbox 793 3214 891 3297; x_wconf 90' lang='lat' dir='ltr'><strong>legum</strong></span> <span class='ocrx_word' id='word_1_271' title='bbox 922 3214 1047 3275; x_wconf 84' lang='lat' dir='ltr'><strong>alterum</strong></span> <span class='ocrx_word' id='word_1_272' title='bbox 1073 3213 1191 3276; x_wconf 77' lang='lat' dir='ltr'><strong>decreta</strong></span> <span class='ocrx_word' id='word_1_273' title='bbox 1221 3233 1226 3258; x_wconf 83' lang='lat'><em>¹</em></span> 
     </span>
     <span class='ocr_line' id='line_1_31' title="bbox 78 3302 1192 3389; baseline -0.009 -15"><span class='ocrx_word' id='word_1_274' title='bbox 78 3323 164 3374; x_wconf 84' lang='lat' dir='ltr'><strong>recte</strong></span> <span class='ocrx_word' id='word_1_275' title='bbox 185 3329 248 3370; x_wconf 88' lang='lat' dir='ltr'><strong>esse</strong></span> <span class='ocrx_word' id='word_1_276' title='bbox 269 3309 390 3384; x_wconf 85' lang='lat' dir='ltr'><strong>debere,</strong></span> <span class='ocrx_word' id='word_1_277' title='bbox 409 3329 449 3369; x_wconf 86' lang='lat' dir='ltr'><strong>ue</strong></span> <span class='ocrx_word' id='word_1_278' title='bbox 468 3310 606 3389; x_wconf 88' lang='lat' dir='ltr'><strong>cuiquam</strong></span> <span class='ocrx_word' id='word_1_279' title='bbox 625 3309 797 3388; x_wconf 88' lang='lat' dir='ltr'><strong>permissum</strong></span> <span class='ocrx_word' id='word_1_280' title='bbox 817 3305 936 3364; x_wconf 87' lang='lat' dir='ltr'><strong>illorum</strong></span> <span class='ocrx_word' id='word_1_281' title='bbox 950 3304 1046 3367; x_wconf 85' lang='lat' dir='ltr'><strong>edicta</strong></span> <span class='ocrx_word' id='word_1_282' title='bbox 1064 3302 1112 3364; x_wconf 83' lang='lat' dir='ltr'><strong>vel</strong></span> <span class='ocrx_word' id='word_1_283' title='bbox 1132 3313 1192 3365; x_wconf 86' lang='lat' dir='ltr'><strong>sta-</strong></span> 
     </span>
     <span class='ocr_line' id='line_1_32' title="bbox 78 3395 1191 3478; baseline -0.007 -14"><span class='ocrx_word' id='word_1_284' title='bbox 78 3414 144 3464; x_wconf 91' lang='lat' dir='ltr'><strong>tuta</strong></span> <span class='ocrx_word' id='word_1_285' title='bbox 164 3413 366 3464; x_wconf 88' lang='lat' dir='ltr'><strong>contemnere.</strong></span> <span class='ocrx_word' id='word_1_286' title='bbox 404 3403 446 3460; x_wconf 87' lang='lat' dir='ltr'><strong>Et</strong></span> <span class='ocrx_word' id='word_1_287' title='bbox 464 3402 496 3460; x_wconf 90' lang='lat' dir='ltr'><strong>iu</strong></span> <span class='ocrx_word' id='word_1_288' title='bbox 517 3403 574 3462; x_wconf 93' lang='lat' dir='ltr'><strong>boc</strong></span> <span class='ocrx_word' id='word_1_289' title='bbox 595 3401 663 3460; x_wconf 89' lang='lat' dir='ltr'><strong>satis</strong></span> <span class='ocrx_word' id='word_1_290' title='bbox 682 3397 783 3458; x_wconf 88' lang='lat' dir='ltr'><strong>mirari</strong></span> <span class='ocrx_word' id='word_1_291' title='bbox 801 3397 982 3476; x_wconf 78' lang='lat' dir='ltr'><strong>nequivimus</strong></span> <span class='ocrx_word' id='word_1_292' title='bbox 1008 3397 1089 3478; x_wconf 86' lang='lat' dir='ltr'><strong>quud</strong></span> <span class='ocrx_word' id='word_1_293' title='bbox 1112 3395 1191 3462; x_wconf 83' lang='lat' dir='ltr'><strong>illins</strong></span> 
     </span>
     <span class='ocr_line' id='line_1_33' title="bbox 78 3489 1191 3574; baseline -0.006 -14"><span class='ocrx_word' id='word_1_294' title='bbox 78 3495 216 3560; x_wconf 75' lang='lat' dir='ltr'><strong>scelerati</strong></span> <span class='ocrx_word' id='word_1_295' title='bbox 235 3493 364 3556; x_wconf 87' lang='lat' dir='ltr'><strong>bominis</strong></span> <span class='ocrx_word' id='word_1_296' title='bbox 381 3491 536 3574; x_wconf 84' lang='lat' dir='ltr'><strong>precibus,</strong></span> <span class='ocrx_word' id='word_1_297' title='bbox 562 3513 649 3574; x_wconf 90' lang='lat' dir='ltr'><strong>quam</strong></span> <span class='ocrx_word' id='word_1_298' title='bbox 668 3501 788 3552; x_wconf 88' lang='lat' dir='ltr'><strong>nostrae</strong></span> <span class='ocrx_word' id='word_1_299' title='bbox 808 3490 988 3553; x_wconf 81' lang='lat' dir='ltr'><strong>auctoritatis</strong></span> <span class='ocrx_word' id='word_1_300' title='bbox 1012 3489 1191 3554; x_wconf 70' lang='lat' dir='ltr'><strong>ustionibus</strong></span> 
     </span>
     <span class='ocr_line' id='line_1_34' title="bbox 81 3583 1190 3670; baseline -0.001 -21"><span class='ocrx_word' id='word_1_301' title='bbox 81 3589 294 3670; x_wconf 87' lang='lat' dir='ltr'><strong>obtemperare</strong></span> <span class='ocrx_word' id='word_1_302' title='bbox 313 3587 465 3664; x_wconf 88' lang='lat' dir='ltr'><strong>maluistis,</strong></span> <span class='ocrx_word' id='word_1_303' title='bbox 485 3608 550 3649; x_wconf 88' lang='lat' dir='ltr'><strong>cum</strong></span> <span class='ocrx_word' id='word_1_304' title='bbox 569 3606 649 3647; x_wconf 90' lang='lat' dir='ltr'><strong>nuuc</strong></span> <span class='ocrx_word' id='word_1_305' title='bbox 669 3583 827 3646; x_wconf 83' lang='lat' dir='ltr'><strong>clarissime</strong></span> <span class='ocrx_word' id='word_1_306' title='bbox 853 3583 966 3666; x_wconf 86' lang='lat' dir='ltr'><strong>liqueat</strong></span> <span class='ocrx_word' id='word_1_307' title='bbox 991 3605 1057 3648; x_wconf 90' lang='lat' dir='ltr'><strong>cum</strong></span> <span class='ocrx_word' id='word_1_308' title='bbox 1083 3584 1190 3648; x_wconf 78' lang='lat' dir='ltr'><strong>sotem</strong></span> 
     </span>
     <span class='ocr_line' id='line_1_35' title="bbox 80 3676 1206 3760; baseline -0.007 -18"><span class='ocrx_word' id='word_1_309' title='bbox 80 3683 202 3743; x_wconf 87' lang='lat' dir='ltr'><strong>homine</strong></span> <span class='ocrx_word' id='word_1_310' title='bbox 222 3701 354 3742; x_wconf 86' lang='lat' dir='ltr'><strong>amorem</strong></span> <span class='ocrx_word' id='word_1_311' title='bbox 378 3680 538 3756; x_wconf 85' lang='lat' dir='ltr'><strong>discordia,</strong></span> <span class='ocrx_word' id='word_1_312' title='bbox 563 3689 594 3740; x_wconf 88' lang='lat' dir='ltr'><strong>et</strong></span> <span class='ocrx_word' id='word_1_313' title='bbox 616 3678 788 3760; x_wconf 87' lang='lat' dir='ltr'><strong>inruptione</strong></span> <span class='ocrx_word' id='word_1_314' title='bbox 813 3676 956 3755; x_wconf 85' lang='lat' dir='ltr'><strong>caritatis,</strong></span> <span class='ocrx_word' id='word_1_315' title='bbox 987 3677 1103 3738; x_wconf 78' lang='lat' dir='ltr'><strong>debut</strong></span> <span class='ocrx_word' id='word_1_316' title='bbox 1121 3677 1206 3742; x_wconf 31' lang='lat' dir='ltr'><strong>loco,</strong></span> 
     </span>
     <span class='ocr_line' id='line_1_36' title="bbox 81 3769 1190 3857; baseline -0.005 -20"><span class='ocrx_word' id='word_1_317' title='bbox 81 3776 174 3839; x_wconf 85' lang='lat' dir='ltr'><strong>vetuit</strong></span> <span class='ocrx_word' id='word_1_318' title='bbox 193 3775 310 3857; x_wconf 78' lang='lat' dir='ltr'><strong>egredi:</strong></span> <span class='ocrx_word' id='word_1_319' title='bbox 334 3774 392 3856; x_wconf 89' lang='lat' dir='ltr'><strong>ipsi</strong></span> <span class='ocrx_word' id='word_1_320' title='bbox 411 3775 522 3855; x_wconf 90' lang='lat' dir='ltr'><strong>quippe</strong></span> <span class='ocrx_word' id='word_1_321' title='bbox 541 3773 650 3848; x_wconf 80' lang='lat' dir='ltr'><strong>nostis,</strong></span> <span class='ocrx_word' id='word_1_322' title='bbox 675 3773 726 3853; x_wconf 90' lang='lat' dir='ltr'><strong>qui</strong></span> <span class='ocrx_word' id='word_1_323' title='bbox 755 3771 951 3855; x_wconf 86' lang='lat' dir='ltr'><strong>congregatio</strong></span> <span class='ocrx_word' id='word_1_324' title='bbox 974 3769 1059 3832; x_wconf 88' lang='lat' dir='ltr'><strong>buius</strong></span> <span class='ocrx_word' id='word_1_325' title='bbox 1084 3791 1190 3834; x_wconf 84' lang='lat' dir='ltr'><strong>mona·</strong></span> 
     </span>
     <span class='ocr_line' id='line_1_37' title="bbox 81 3863 1190 3948; baseline -0.006 -18"><span class='ocrx_word' id='word_1_326' title='bbox 81 3869 163 3930; x_wconf 89' lang='lat' dir='ltr'><strong>sterii</strong></span> <span class='ocrx_word' id='word_1_327' title='bbox 182 3890 217 3930; x_wconf 89' lang='lat' dir='ltr'><strong>ac</strong></span> <span class='ocrx_word' id='word_1_328' title='bbox 236 3869 313 3932; x_wconf 83' lang='lat' dir='ltr'><strong>servi</strong></span> <span class='ocrx_word' id='word_1_329' title='bbox 331 3868 401 3945; x_wconf 90' lang='lat' dir='ltr'><strong>Dei,</strong></span> <span class='ocrx_word' id='word_1_330' title='bbox 421 3879 452 3929; x_wconf 89' lang='lat' dir='ltr'><strong>et</strong></span> <span class='ocrx_word' id='word_1_331' title='bbox 470 3867 582 3928; x_wconf 87' lang='lat' dir='ltr'><strong>utinam</strong></span> <span class='ocrx_word' id='word_1_332' title='bbox 601 3885 683 3941; x_wconf 86' lang='lat' dir='ltr'><strong>vere,</strong></span> <span class='ocrx_word' id='word_1_333' title='bbox 703 3865 845 3941; x_wconf 88' lang='lat' dir='ltr'><strong>dicimini,</strong></span> <span class='ocrx_word' id='word_1_334' title='bbox 864 3863 990 3944; x_wconf 87' lang='lat' dir='ltr'><strong>qualiter</strong></span> <span class='ocrx_word' id='word_1_335' title='bbox 1004 3864 1062 3928; x_wconf 90' lang='lat' dir='ltr'><strong>iam</strong></span> <span class='ocrx_word' id='word_1_336' title='bbox 1082 3863 1190 3948; x_wconf 80' lang='lat' dir='ltr'><strong>qrebro</strong></span> 
     </span>
     <span class='ocr_line' id='line_1_38' title="bbox 81 3953 1190 4038; baseline -0.005 -15"><span class='ocrx_word' id='word_1_337' title='bbox 81 3962 141 4023; x_wconf 84' lang='lat' dir='ltr'><strong>vita</strong></span> <span class='ocrx_word' id='word_1_338' title='bbox 159 3975 255 4024; x_wconf 80' lang='lat' dir='ltr'><strong>vestra</strong></span> <span class='ocrx_word' id='word_1_339' title='bbox 275 3983 292 4024; x_wconf 88' lang='lat' dir='ltr'><strong>a</strong></span> <span class='ocrx_word' id='word_1_340' title='bbox 311 3961 410 4023; x_wconf 89' lang='lat' dir='ltr'><strong>multis</strong></span> <span class='ocrx_word' id='word_1_341' title='bbox 430 3960 580 4022; x_wconf 83' lang='lat' dir='ltr'><strong>diffamata</strong></span> <span class='ocrx_word' id='word_1_342' title='bbox 601 3969 660 4032; x_wconf 67' lang='lat' dir='ltr'><strong>est,</strong></span> <span class='ocrx_word' id='word_1_343' title='bbox 681 3968 713 4018; x_wconf 90' lang='lat' dir='ltr'><strong>et</strong></span> <span class='ocrx_word' id='word_1_344' title='bbox 731 3977 795 4018; x_wconf 88' lang='lat' dir='ltr'><strong>nou</strong></span> <span class='ocrx_word' id='word_1_345' title='bbox 815 3957 926 4038; x_wconf 83' lang='lat' dir='ltr'><strong>absque</strong></span> <span class='ocrx_word' id='word_1_346' title='bbox 946 3977 989 4020; x_wconf 88' lang='lat' dir='ltr'><strong>re.</strong></span> <span class='ocrx_word' id='word_1_347' title='bbox 1017 3953 1190 4036; x_wconf 75' lang='lat' dir='ltr'><strong>Aliquando</strong></span> 
     </span>
     <span class='ocr_line' id='line_1_39' title="bbox 82 4049 1192 4134; baseline -0.009 -18"><span class='ocrx_word' id='word_1_348' title='bbox 82 4054 161 4116; x_wconf 88' lang='lat' dir='ltr'><strong>enim</strong></span> <span class='ocrx_word' id='word_1_349' title='bbox 180 4054 360 4132; x_wconf 81' lang='lat' dir='ltr'><strong>Monachus,</strong></span> <span class='ocrx_word' id='word_1_350' title='bbox 389 4053 547 4134; x_wconf 90' lang='lat' dir='ltr'><strong>aliquando</strong></span> <span class='ocrx_word' id='word_1_351' title='bbox 578 4049 767 4126; x_wconf 83' lang='lat' dir='ltr'><strong>Canonicos,</strong></span> <span class='ocrx_word' id='word_1_352' title='bbox 797 4051 956 4132; x_wconf 87' lang='lat' dir='ltr'><strong>aliqnando</strong></span> <span class='ocrx_word' id='word_1_353' title='bbox 981 4061 1123 4111; x_wconf 83' lang='lat' dir='ltr'><strong>neutrum·</strong></span> <span class='ocrx_word' id='word_1_354' title='bbox 1137 4063 1192 4106; x_wconf 83' lang='lat' dir='ltr'><strong>vos</strong></span> 
     </span>
     <span class='ocr_line' id='line_1_40' title="bbox 82 4137 1191 4221; baseline -0.009 -13"><span class='ocrx_word' id='word_1_355' title='bbox 82 4168 146 4209; x_wconf 88' lang='lat' dir='ltr'><strong>esse</strong></span> <span class='ocrx_word' id='word_1_356' title='bbox 165 4147 314 4209; x_wconf 83' lang='lat' dir='ltr'><strong>dicebatis.</strong></span> <span class='ocrx_word' id='word_1_357' title='bbox 357 4148 477 4210; x_wconf 81' lang='lat' dir='ltr'><strong>Etnos</strong></span> <span class='ocrx_word' id='word_1_358' title='bbox 502 4145 686 4210; x_wconf 87' lang='lat' dir='ltr'><strong>consulendo</strong></span> <span class='ocrx_word' id='word_1_359' title='bbox 710 4143 812 4221; x_wconf 82' lang='lat' dir='ltr'><strong>uobis,</strong></span> <span class='ocrx_word' id='word_1_360' title='bbox 837 4157 869 4208; x_wconf 83' lang='lat' dir='ltr'><strong>et</strong></span> <span class='ocrx_word' id='word_1_361' title='bbox 892 4146 929 4208; x_wconf 91' lang='lat' dir='ltr'><strong>ad</strong></span> <span class='ocrx_word' id='word_1_362' title='bbox 954 4141 1061 4204; x_wconf 86' lang='lat' dir='ltr'><strong>malam</strong></span> <span class='ocrx_word' id='word_1_363' title='bbox 1085 4137 1191 4200; x_wconf 73' lang='lat' dir='ltr'><strong>lamam</strong></span> 
     </span>
     <span class='ocr_line' id='line_1_41' title="bbox 83 4231 1193 4324; baseline -0.006 -23"><span class='ocrx_word' id='word_1_364' title='bbox 83 4240 275 4316; x_wconf 86' lang='lat' dir='ltr'><strong>abolendam,</strong></span> <span class='ocrx_word' id='word_1_365' title='bbox 299 4241 470 4324; x_wconf 84' lang='lat' dir='ltr'><strong>magistmm</strong></span> <span class='ocrx_word' id='word_1_366' title='bbox 495 4253 526 4302; x_wconf 89' lang='lat' dir='ltr'><strong>et</strong></span> <span class='ocrx_word' id='word_1_367' title='bbox 544 4249 693 4301; x_wconf 74' lang='lat' dir='ltr'><strong>remorum</strong></span> <span class='ocrx_word' id='word_1_368' title='bbox 712 4237 853 4300; x_wconf 79' lang='lat' dir='ltr'><strong>idoneum</strong></span> <span class='ocrx_word' id='word_1_369' title='bbox 871 4237 958 4300; x_wconf 79' lang='lat' dir='ltr'><strong>uobis</strong></span> <span class='ocrx_word' id='word_1_370' title='bbox 978 4231 1136 4314; x_wconf 76' lang='lat' dir='ltr'><strong>elegimus,</strong></span> <span class='ocrx_word' id='word_1_371' title='bbox 1161 4243 1193 4294; x_wconf 86' lang='lat' dir='ltr'><strong>et</strong></span> 
     </span>
     <span class='ocr_line' id='line_1_42' title="bbox 85 4323 1190 4417; baseline -0.005 -23"><span class='ocrx_word' id='word_1_372' title='bbox 85 4335 119 4394; x_wconf 96' lang='lat' dir='ltr'><strong>de</strong></span> <span class='ocrx_word' id='word_1_373' title='bbox 139 4334 312 4417; x_wconf 88' lang='lat' dir='ltr'><strong>longinquis</strong></span> <span class='ocrx_word' id='word_1_374' title='bbox 331 4333 493 4414; x_wconf 85' lang='lat' dir='ltr'><strong>provinciis</strong></span> <span class='ocrx_word' id='word_1_375' title='bbox 513 4331 713 4408; x_wconf 83' lang='lat' dir='ltr'><strong>invitavimus,</strong></span> <span class='ocrx_word' id='word_1_376' title='bbox 730 4331 780 4411; x_wconf 90' lang='lat' dir='ltr'><strong>qui</strong></span> <span class='ocrx_word' id='word_1_377' title='bbox 800 4342 831 4390; x_wconf 92' lang='lat' dir='ltr'><strong>et</strong></span> <span class='ocrx_word' id='word_1_378' title='bbox 849 4329 946 4390; x_wconf 84' lang='lat' dir='ltr'><strong>verbis</strong></span> <span class='ocrx_word' id='word_1_379' title='bbox 959 4335 990 4385; x_wconf 91' lang='lat' dir='ltr'><strong>et</strong></span> <span class='ocrx_word' id='word_1_380' title='bbox 1009 4323 1190 4388; x_wconf 89' lang='lat' dir='ltr'><strong>admonitio·</strong></span> 
     </span>
     <span class='ocr_line' id='line_1_43' title="bbox 62 4415 1194 4522; baseline -0.005 -36"><span class='ocrx_word' id='word_1_381' title='bbox 62 4513 67 4522; x_wconf 29' lang='grc' dir='ltr'>Ι</span> <span class='ocrx_word' id='word_1_382' title='bbox 87 4428 172 4490; x_wconf 89' lang='lat' dir='ltr'><strong>nibus</strong></span> <span class='ocrx_word' id='word_1_383' title='bbox 191 4439 303 4490; x_wconf 88' lang='lat' dir='ltr'><strong>rectam</strong></span> <span class='ocrx_word' id='word_1_384' title='bbox 323 4427 412 4490; x_wconf 82' lang='lat' dir='ltr'><strong>vitam</strong></span> <span class='ocrx_word' id='word_1_385' title='bbox 432 4425 588 4518; x_wconf 79' lang='lat' dir='ltr'><strong>irptruere,</strong></span> <span class='ocrx_word' id='word_1_386' title='bbox 608 4435 639 4486; x_wconf 90' lang='lat' dir='ltr'><strong>et</strong></span> <span class='ocrx_word' id='word_1_387' title='bbox 657 4423 727 4506; x_wconf 88' lang='lat' dir='ltr'><strong>quia</strong></span> <span class='ocrx_word' id='word_1_388' title='bbox 738 4421 893 4505; x_wconf 79' lang='lat' dir='ltr'><strong>religiosus</strong></span> <span class='ocrx_word' id='word_1_389' title='bbox 913 4431 987 4500; x_wconf 81' lang='lat' dir='ltr'><strong>erat,</strong></span> <span class='ocrx_word' id='word_1_390' title='bbox 1004 4415 1103 4482; x_wconf 86' lang='lat' dir='ltr'><strong>bonae</strong></span> <span class='ocrx_word' id='word_1_391' title='bbox 1120 4437 1194 4480; x_wconf 89' lang='lat' dir='ltr'><strong>cou-</strong></span> 
     </span>
    </p>
   </div>
   <div class='ocr_carea' id='block_1_3' title="bbox 866 4513 956 4595">
    <p class='ocr_par' dir='ltr' id='par_1_3' title="bbox 866 4513 956 4595">
     <span class='ocr_line' id='line_1_44' title="bbox 866 4513 956 4595; baseline 0 0"><span class='ocrx_word' id='word_1_392' title='bbox 866 4513 956 4595; x_wconf 62' lang='grc' dir='ltr'><strong>[δ’]</strong></span> 
     </span>
    </p>
   </div>
   <div class='ocr_carea' id='block_1_4' title="bbox 0 0 1469 5094">
    <p class='ocr_par' dir='ltr' id='par_1_4' title="bbox 0 0 1469 5094">
     <span class='ocr_line' id='line_1_45' title="bbox 0 0 1469 5094; baseline 0 0"><span class='ocrx_word' id='word_1_393' title='bbox 0 0 1469 5094; x_wconf 95' lang='lat' dir='ltr'><strong> </strong></span> 
     </span>
    </p>
   </div>
  </div>
 </body>
</html>
