2960 5094
652 397 710 469 80
808 409 811 416 '

121 539 599 634 reverentia‘contemplabantur
630 552 774 634 'Auspicia
790 554 820 630 ¹)
841 565 871 614 et
889 565 983 616 sortes
1003 575 1090 636 quam
1106 555 1229 626 maxime

126 643 336 706 observabant
374 645 508 706 Sortium
534 647 716 708 consuetudo
741 646 863 728 simplex
882 659 954 722 crat.
993 647 1114 732 Virgrm
1134 651 1228 734 frugi-

126 737 208 800 lerac
227 738 330 800 arbori
350 738 477 800 decisam
495 737 528 796 in
547 737 681 798 surculos
700 739 904 822 amputabant,
935 761 1044 822 eosque
1064 744 1142 806 notis
1162 744 1228 825 qui-

124 829 246 893 busdam
267 832 410 896 discretos
429 851 519 912 super
538 831 690 893 candidam
709 845 818 896 vestem
838 846 949 896 temere
962 855 996 897 ac
1009 835 1134 900 fortuito
1146 855 1228 918 spar-

120 924 254 1006 gebant;.
268 947 346 1002 mor,
365 925 390 988 si
410 923 529 1006 publica
547 924 724 987 consultatio
745 925 811 1003 fuit,
829 928 967 990 sacerdos
987 929 1103 1010 populi,
1123 930 1148 990 si
1167 930 1229 1012 pri-

121 1031 205 1096 vata,
229 1019 293 1102 ipse
318 1017 526 1102 paterfamilias
554 1031 689 1099 precatus
714 1019 787 1082 deos
812 1021 983 1104 coelumque
1002 1022 1162 1104 suspiciens
1182 1034 1230 1088 tcr

104 1112 257 1196 -singulos
277 1113 361 1190 tulit,
390 1112 569 1194 sublatisque
594 1111 751 1174 secundam
777 1112 937 1192 inpressam
964 1127 1032 1197 aute
1058 1128 1161 1178 notam
1180 1117 1228 1178 in-

121 1217 304 1290 terpretatus
330 1218 382 1268 est.
428 1205 462 1268 si
486 1205 719 1287 prohibuerunt,
748 1204 828 1266 nulla
854 1207 891 1268 de
911 1209 1011 1270 cadem
1030 1230 1063 1275 rc
1090 1210 1153 1290 ipsa
1180 1210 1228 1272 dic

10 1367 11 1372 η
122 1299 321 1376 consultatio,
346 1299 371 1362 si
389 1300 561 1380 permissum
582 1311 640 1375 est,
665 1311 824 1362 eventuum
844 1300 939 1362 adhuc
957 1301 1027 1364 fides
1048 1303 1253 1384 erigebatur..

121 1391 231 1454 Avium
251 1413 338 1456 voces
357 1392 530 1472 volatusque
549 1391 750 1475 interrogare,
770 1393 924 1474 proprium
943 1395 1039 1476 gentis
1059 1395 1135 1458 illius
1156 1407 1229 1460 erat.

119 1485 277 1564 Equorum
297 1507 416 1567 quoque
441 1485 594 1568 praesagia
606 1529 689 1546 ......
701 1486 809 1548 iudicio
830 1486 948 1548 habere.
995 1485 1156 1561 Quomodo
1176 1509 1228 1550 au-

120 1588 183 1638 tem
196 1581 228 1656 ²)
241 1620 326 1640 ......
336 1579 479 1660 implicati
499 1590 576 1654 sunt,
597 1577 828 1655 observaverint,
848 1591 1015 1668 praetereo.

91 1703 98 1712 =
181 1671 265 1736 Haec
284 1694 357 1736 vero
377 1674 453 1736 idcov
468 1673 707 1749 commemoravi,
734 1694 794 1754 quo
814 1673 943 1752 prudens
963 1672 1059 1734 lector
1079 1684 1229 1754 agnoscat,

121 1785 138 1824 a
163 1767 279 1844 quantis
304 1787 439 1830 errorum
463 1764 594 1829 tenebris
620 1787 675 1846 per
697 1765 757 1826 Dei
786 1763 910 1848 gratiam
941 1777 972 1826 et
1000 1765 1230 1828 miscricordiam

120 1856 182 1918 sint
200 1859 329 1928 liberati,
348 1859 466 1939 quando
487 1879 534 1920 cas
555 1858 592 1920 ad
611 1857 815 1942 cognitionem
835 1857 880 1922 sui
899 1857 1027 1920 nominis
1046 1858 1157 1927 lumine
1176 1879 1229 1920 ve-

119 1972 173 2011 rae
194 1951 264 2012 fidci
282 1953 447 2032 perducere
467 1951 602 2032 dignatus
624 1963 683 2024 est,
704 1953 752 2033 qui
772 1965 856 2014 crant
867 1952 943 2014 sicut
955 1972 1058 2014 omncs
1072 1953 1136 2014 lere
1150 1951 1229 2012 Ger·

116 2041 254 2102 manium
274 2043 440 2104 incolentes
459 2043 594 2104 nationes
607 2087 687 2104 ......
701 2047 757 2123 (Es
776 2047 880 2129 lolgcn
900 2046 948 2108 die
959 2047 1073 2108 Wortc
1091 2065 1142 2109 aus
1154 2043 1228 2104 Ein-

120 2135 196 2196 hard
218 2135 291 2214 Cap·
304 2141 323 2200 7
338 2132 401 2208 bis)
420 2131 515 2201 verius
536 2133 594 2192 dici
612 2150 741 2212 possent.
778 2138 939 2202 Frondosis
959 2137 1114 2200 arboribus
1134 2135 1229 2198 lonti-

119 2230 236 2309 busque
260 2227 485 2292 venerationem
512 2225 701 2289 exhibebant.
743 2229 898 2297 Truncnm
919 2251 1038 2311 quoque
1065 2229 1139 2312 ligni
1164 2249 1229 2290 non

120 2343 231 2405 parvae
249 2319 459 2405 magnitudinis
478 2319 510 2380 in
530 2319 621 2382 altum
642 2332 774 2382 erectum
792 2319 847 2381 sub
868 2323 936 2382 divo
957 2323 1111 2396 colebant,
1133 2323 1229 2401 patria

121 2419 193 2479 euni
211 2415 310 2497 lingua
329 2413 465 2476 lrminsul
492 2414 693 2496 appellantes,
718 2415 798 2495 quod
825 2413 914 2476 latina
933 2412 1041 2475 dicitur
1058 2410 1230 2474 universalis

121 2507 279 2585 columna,
314 2508 394 2589 quasi
419 2506 543 2570 sustines
570 2507 679 2570 omnia.
724 2507 847 2589 Quippe
873 2527 938 2568 cum
964 2516 1034 2586 post
1056 2504 1230 2568 inchoatum

120 2646 206 2663 ......
222 2602 412 2682 (dicWortc
433 2623 483 2662 aus
495 2601 629 2662 Einhard
648 2599 721 2681 Cap.
739 2608 757 2667 7
778 2600 838 2680 bis)
858 2620 933 2659 unus
954 2621 1020 2660 cum
1040 2599 1081 2661 eis
1100 2599 1229 2681 populus

119 2696 321 2758 efficerentur.
360 2695 506 2758 Postbaec
525 2693 666 2774 susceptis
686 2691 939 2774 praedicatoribus
958 2692 1089 2756 veritatis
1110 2693 1227 2774 episco-

118 2791 168 2872 pis
188 2802 218 2850 et
236 2790 431 2872 presbyteris,
459 2788 565 2850 imbuti
589 2808 676 2852 verae
702 2785 978 2848 fidei-sacramentis
999 2785 1141 2868 baptizati
1159 2797 1228 2848 sunt

120 2884 156 2944 in
181 2885 300 2944 nomine
320 2883 415 2944 Patris
441 2894 471 2943 et
493 2882 563 2942 Filii
588 2893 619 2942 et
637 2880 764 2964 Spiritus
791 2871 904 2955 Sancti,
936 2893 966 2942 et
990 2892 1142 2944 crescente
1167 2879 1227 2942 fide
1305 2905 1311 2916 ·

120 2998 157 3038 ac
177 2997 246 3038 vera
265 2978 428 3062 religione,
448 2975 568 3040 adunati
586 2985 655 3034 sunt
674 2971 788 3054 populo
807 2973 866 3034 Dei
885 2995 978 3052 usque
997 2975 1029 3034 in
1049 2975 1226 3036 hodiernum
1280 2993 1291 3018 ⁸

119 3070 208 3130 diem.
246 3071 412 3134 Witukind
434 3089 571 3152 quoque,
600 3067 650 3147 qui
674 3065 762 3134 inter,
780 3085 831 3126 eos
856 3077 888 3126 et
906 3065 1037 3126 claritate
1057 3064 1175 3148 generis
1196 3073 1228 3124 et

121 3183 212 3244 opum
232 3165 425 3245 amplitudine
446 3161 613 3236 eminebat,
639 3171 669 3222 et
695 3160 746 3240 qui
766 3159 906 3241 perfidiae
926 3169 1014 3239 atque
1034 3156 1226 3220 multimodae
1300 3172 1308 3184 ³
1360 3187 1365 3196 ·

119 3256 296 3318 desectionis
316 3279 420 3320 eorum
437 3269 542 3320 auctor
561 3266 592 3318 et
609 3254 772 3316 indefessus
793 3265 857 3314 erat
874 3252 1012 3314 incentor
1028 3252 1071 3327 ³),
1090 3251 1126 3310 ad
1136 3247 1225 3308 iidem

117 3349 222 3411 Karoli
242 3371 293 3410 sua
303 3363 409 3430 sponte
422 3351 556 3424 veniens,
575 3349 718 3409 Attiniaci
732 3345 897 3424 baptizatus
917 3354 947 3400 et
966 3363 983 3404 a
1002 3359 1074 3426 rege
1089 3341 1126 3404 de
1139 3339 1225 3405 sonte

115 3464 204 3506 sacro
223 3453 376 3524 susceptus
397 3453 452 3518 eat,
471 3445 502 3502 'et
516 3439 643 3502 saxonia
661 3449 725 3499 tota
743 3435 872 3500 subacta.
987 3453 989 3460 ’

575 3597 772 3610 Ἥ

277 3829 518 3902 (intimo
542 3829 592 3886 clo
614 3699 797 3899 Elim
819 3825 1010 3884 βιιοιιίιο
1023 3821 1067 3896 ⁴).

179 3951 205 4013 1.
243 3950 374 4012 Primum
398 3949 435 4009 de
454 3945 615 4008 maioribus
641 3943 775 4026 capitulis
799 3943 857 4004 boc
886 3941 996 4024 placuit
1017 3939 1163 4014 omnibus,
1188 3947 1222 3997 nt
1319 3967 1325 3978 ·

36 4015 41 4024 ⁸
117 4043 272 4108 Ecclesiae
293 4041 418 4119 Christi,
443 4061 517 4123 quae
541 4039 632 4102 modo
653 4047 863 4100 construuntur
881 4033 913 4096 in
933 4035 1076 4110 Saxonis,
1103 4045 1133 4092 et
1151 4029 1221 4090 Deo

161 4205 185 4256 ¹)
200 4202 380 4262 Ampium...
394 4203 480 4246 tuum
492 4201 584 4250 mos.
612 4199 690 4244 'rectu
703 4212 725 4244 e.
742 4203 781 4246 ιο.
795 4199 824 4244 r.
849 4225 875 4236 -
899 4199 922 4247 τ)
935 4193 1012 4240 Treta.
1027 4191 1106 4240 uem.
1119 4191 1157 4234 ιι.

161 4277 184 4324 ³)
201 4267 329 4318 incentori·
338 4265 463 4328 tumst
907 4285 911 4293 ·

161 4341 185 4394 ⁴)
198 4335 332 4394 Bolon,
347 4335 445 4396 Gapitul.
466 4335 536 4384 Tou.
551 4335 573 4393 l,
590 4349 616 4394 p.
629 4335 673 4380 249
686 4347 737 4402 sqq.
765 4327 898 4382 Walter,
919 4325 988 4384 Gom.
1003 4325 1046 4369 ius.
1065 4323 1140 4370 Germ.
1157 4328 1217 4378 aut,
1326 4329 1336 4345 ¹

115 4409 155 4464 n,
171 4409 216 4454 10*
227 4417 282 4463 m·
