2890 5092
513 399 523 412 ’
572 381 660 502 noa

58 595 176 655 derunt
196 612 296 654 omnes
316 613 373 656 una
393 611 479 668 voce,
497 591 623 666 fontem,
641 589 722 652 velut
740 601 828 672 caput
848 602 878 652 et
889 591 1044 674 originem,
1064 595 1166 674 purio-

56 709 123 748 rem
143 705 224 758 esse3
238 686 353 747 'rivulos
374 696 470 745 antem
491 685 562 760 eius,
583 695 692 764 quanto
712 683 829 768 longius
848 685 965 746 alonte
983 688 1167 764 recesserint,

55 793 145 841 tanto
167 779 355 840 turbulentos
374 789 406 838 et
424 779 559 838 sordibus
584 799 618 840 ac
644 777 830 840 immunditiis
855 788 1020 857 corruptos.
1067 781 1108 839 Et
1126 783 1167 842 ait

57 877 190 935 domnus
210 895 260 934 rex
279 871 419 932 Karolus:
438 870 627 931 Reuertimioo‘
643 891 694 930 oos
712 869 875 954 adforrtsm
892 871 995 932 Sancti
1016 872 1165 950 Gregorii,

55 971 129 1048 puolo
154 968 311 1046 momJesto
335 967 504 1040 commistis
527 961 700 1024 condiscam
722 953 947 1026 menesatem.
991 967 1061 1024 Mox
1080 965 1167 1046 p'etiit

56 1063 187 1121 domnus
212 1077 263 1120 rex
288 1059 412 1120 Karolus
439 1056 476 1116 ah
502 1056 633 1117 Adriano
659 1077 735 1138 papa
761 1069 910 1135 cantores,
942 1059 993 1139 qni
1011 1059 1165 1118 Franciam

56 1155 250 1237 corrigerent
270 1147 423 1212 de'cantu.
467 1148 510 1208 At
533 1146 584 1209 ille
610 1139 691 1210 dedit
715 1149 743 1209 ei
767 1149 958 1212 Theodorum
986 1164 1015 1212 et
1033 1152 1163 1214 Benedi-

54 1259 149 1323 ctnm,
170 1248 323 1326 Romanor
344 1243 483 1306 ecclesiae
504 1243 686 1304 doctissimos
700 1253 845 1318 cantores,
866 1245 915 1324 qui
934 1245 1073 1306 aSancto
1085 1246 1164 1306 Gre-

53 1341 148 1420 gorio
178 1339 284 1398 eruditi
309 1338 437 1398 fuerant:
463 1336 625 1415 tribuitque
650 1335 870 1418 antiphonarios
891 1336 992 1397 Sancti
1011 1337 1165 1421 Gregorii,

53 1453 134 1510 quos
156 1432 221 1513 ipse
241 1444 393 1494 notaverat
412 1441 484 1491 nota
509 1430 653 1490 Romana.
699 1431 834 1491 Domnus
859 1450 931 1492 vero
957 1430 1020 1490 Rex
1039 1429 1164 1492 Carolus
1184 1496 1194 1514 χ

51 1535 211 1584 revertens
236 1524 267 1584 in
285 1527 309 1584 F
312 1527 440 1586 ranciam
465 1525 543 1586 misit
569 1547 661 1586 unum
686 1536 838 1585 cantorem
863 1525 894 1583 in
919 1525 1008 1585 Metis
1036 1525 1163 1600 civitate,

52 1617 183 1678 alterum
203 1618 235 1678 in
256 1617 422 1678 suessionis
443 1619 570 1696 civitate,
590 1618 775 1700 praecipiens
795 1617 831 1678 de
850 1617 986 1678 omnibus
999 1603 1162 1679 civitatibus

52 1711 201 1771 Franciae
220 1710 376 1792 magistros
396 1711 514 1771 scholae
534 1713 757 1795 antiphonarios
778 1711 818 1772 eis
829 1713 865 1770 ad
879 1711 1086 1795 corrigendum
1102 1721 1164 1784 tra-

53 1805 137 1879 dere,
160 1814 191 1862 et
210 1803 246 1862 ab
269 1805 309 1864 eis
329 1803 442 1872 discere
462 1816 589 1864 cantare.
628 1803 769 1882 (jorrecti
784 1816 852 1866 snut
872 1824 944 1886 ergo
964 1803 1164 1884 antiphonarii
1191 1875 1198 1882 .

51 1896 250 1972 Francorum,
271 1917 345 1976 quos
364 1897 563 1977 unusquisque
584 1917 640 1978 pro
661 1897 784 1958 arbitrio
804 1905 858 1958 snb
869 1897 1034 1974 vitiaverat,
1054 1897 1164 1958 addens

50 1989 99 2049 vel
118 1989 272 2050 minuens:
293 2001 323 2049 et
343 2008 445 2048 omnes
465 1989 609 2050 Franciae
635 2001 770 2052 cantores
794 1991 960 2052 didicerunt
979 2004 1079 2052 notam
1099 1993 1163 2067 Ro,

51 2103 189 2158 monam,
220 2103 307 2162 quam
332 2102 411 2140 nunc
435 2092 544 2143 vocant
571 2093 672 2144 notam
697 2083 896 2158 Franciscam;
925 2097 1049 2166 excepto
1082 2087 1163 2165 quod

50 2176 194 2236 tremulas
213 2176 261 2238 vel
280 2174 426 2250 vinnolas,
445 2175 506 2236 sive
526 2173 695 2236 collisibiles
714 2177 761 2237 vel
773 2178 913 2239 secabiles
932 2199 1020 2240 voces
1032 2179 1063 2238 in
1075 2191 1163 2240 cautu

52 2289 116 2328 non
137 2279 280 2349 poterant
299 2268 432 2350 peileete
452 2268 614 2347 exprimere
634 2268 753 2344 Franci,
772 2270 898 2330 naturali
915 2291 989 2331 voce
1009 2271 1162 2346 barbarica

52 2361 230 2442 frangentes
250 2363 281 2422 in
301 2375 420 2444 gutture
440 2353 528 2422 voces
548 2362 745 2442 potiusquam
763 2362 967 2442 exprimentes.
997 2364 1091 2422 Maius
1109 2385 1161 2424 au-

50 2463 114 2513 tem
135 2453 335 2533 magisterium
356 2455 493 2514 cantandi
516 2455 549 2514 in
573 2455 660 2515 Metis
686 2455 803 2516 civitate
828 2455 982 2516 remansit:
1007 2467 1162 2534 quantum·
1234 2494 1241 2504 «

51 2533 110 2625 lpue
132 2545 332 2627 magisterium
351 2548 518 2608 Romanum
544 2561 663 2628 superat
681 2551 814 2610 Metense
839 2551 870 2608 in
897 2559 959 2608 arte
988 2549 1161 2625 cantilenae,

51 2651 137 2699 tanto
159 2652 278 2720 superat
297 2641 438 2702 Metensis
458 2640 603 2702 cantilena
624 2653 752 2704 caeteras
771 2644 884 2704 scholas
905 2641 1071 2702 Gallorum.
1111 2641 1160 2700 Si-

49 2733 164 2794 militer
184 2733 355 2794 erudiernnt
373 2734 500 2796 Romani
527 2747 662 2801 cantores
689 2736 849 2816 supradicti
873 2734 1009 2798 cantores
1027 2735 1159 2796 Franco-

52 2846 114 2886 rum
135 2827 168 2886 in
189 2839 251 2887 arte
271 2827 444 2910 organandi.
549 2843 550 2847 ’

314 3461 318 3470 .
518 3371 705 3464 Χιινιζ

296 3519 618 3590 ltktaelrpralurr
648 3521 912 3598 ΜΙιιΙιιιιιιιῑ)

437 3623 470 3674 de
492 3637 569 3676 cantu
594 3625 769 3684 ecclesiastico.

111 3751 185 3834 Cap.
206 3754 258 3814 IX.
296 3754 376 3814 Dum
398 3775 482 3816 more
506 3757 711 3837 sapientissimi
735 3762 901 3822 Salomonis
927 3763 1085 3823 secundnm
1105 3765 1152 3824 in-

56 3841 182 3926 stitutum
203 3846 293 3928 Regis
313 3848 409 3910 David
429 3849 518 3928 patris
540 3851 599 3910 eius
618 3853 650 3911 in
676 3848 765 3914 dom'o
785 3854 908 3914 Domini
927 3868 1050 3936 propter
1070 3877 1151 3920 conr-

55 3938 227 4007 puuctiones
247 3941 376 4002 Musicae
397 3942 556 4004 dulcedinis
569 3943 677 4015 ‚beatus
698 3947 779 4027 Papa
800 3947 979 4029 Gregorius,
998 3963 1031 4010 ut
1049 3949 1152 4012 scribit

56 4023 89 4083 de
109 4050 144 4089 eo
164 4031 292 4092 Ioann‘es
318 4035 393 4096 sedis
419 4036 572 4098 Romanae
595 4039 884 4120 Archidiaconus²),
914 4043 1149 4122 antiphonarium

54 4132 207 4185 centonem
226 4127 450 4190 studiosissimus
470 4129 555 4190 nimis
568 4131 679 4192 utiliter
689 4135 883 4216 compilasset,
903 4135 1041 4204 Scholam
1062 4136 1148 4195 etiam

58 4253 253 4292 ----.-..'

91 4369 109 4419 ι)
125 4357 179 4418 Vua
193 4377 223 4428 ιι,
238 4379 332 4423 uouere
346 4393 385 4438 ap.
401 4381 512 4438 cantu,
539 4383 634 4432 terma
646 4391 720 4448 amrq.
735 4391 802 4442 ron,
815 4391 861 4448 111,
875 4390 902 4434 r.
918 4391 951 4445 ιι,
965 4403 989 4448 u
1004 4389 1046 4434 ⁵⁵⁷
1060 4403 1094 4446 aa·

10 4437 12 4474 ῗ
89 4433 110 4486 ²)
128 4441 154 4484 ln
170 4443 219 4489 vito
230 4445 253 4497 Β,
269 4448 378 4508 Gregorii
391 4450 425 4496 M.
