2960 5094
132 585 205 647 XII.
242 587 295 647 De
321 588 653 653 incantationibus.
800 663 805 668 ¹

115 679 203 774 qun.
241 678 505 764 Deauguriis,
539 686 599 746 vel
625 688 755 764 arium,
789 689 848 762 vel
877 711 1068 774 equorum,
1096 701 1233 764 velex'

243 772 353 834 boum
373 767 621 854 stercoribus,
646 779 706 839 vel
731 786 1087 853 sternutationibus.

117 897 322 911 ··“··-·-·-··-·
525 897 535 928 Ι

155 959 256 1038 Prope
276 959 349 1020 illud
367 937 509 1040 tenrplurir
536 975 580 1023 est
604 963 694 1024 arbor
717 967 839 1028 maxima
862 961 920 1031 late
945 995 1042 1036 ramos
1063 979 1221 1043 extendens

117 1061 228 1116 aestate
249 1061 280 1112 et
298 1051 394 1112 hieme
413 1056 529 1134 se'mper
547 1056 655 1116 viridis.
673 1058 781 1119 'Cuius
800 1060 849 1122 illa
869 1067 982 1143 generis
992 1069 1038 1146 sit,
1058 1093 1146 1133 nemo
1158 1075 1221 1136 scit.

116 1144 167 1204 Ibl
179 1145 267 1204 etiam
281 1156 324 1205 est
336 1145 411 1223 fons,
429 1145 479 1206 ubi
492 1150 633 1210 sacrificia
645 1172 829 1232 paganorum
840 1156 938 1216 solent
949 1163 1077 1223 exerceri
1089 1175 1119 1224 et
1129 1166 1221 1227 bomo

114 1238 200 1300 virus
220 1239 363 1319 immergi.
408 1239 470 1315 Qui
490 1241 559 1301 dum
578 1244 776 1326 immergitur,
794 1260 890 1308 ratum
911 1251 967 1310 crit
985 1267 1085 1317 votum
1105 1259 1219 1342 populi.

176 1331 244 1390 XII.
281 1330 331 1390 De
348 1335 595 1396 incantationibus.
633 1337 802 1422 Praestigiis
821 1341 943 1424 magicis
962 1344 1070 1408 illusio.
1108 1352 1221 1433 Specu-

15 1459 21 1468 ,
116 1423 180 1487 lum
201 1424 385 1503 Saxonicum,
404 1426 456 1488 lib.
476 1429 517 1488 Il.
538 1442 592 1490 art.
612 1438 661 1508 13,
681 1429 708 1515 §.
728 1439 756 1498 6.

155 1517 190 1576 Si
209 1518 272 1598 quis
293 1519 476 1582 Christianus
488 1563 553 1582 .....
566 1525 774 1604 apostataverit
793 1525 839 1590 vel
858 1549 1006 1590 venenum
1031 1531 1120 1593 alicui
1137 1537 1224 1596 mini-

154 1611 289 1672 straverit
307 1623 357 1672 aut
376 1613 580 1694 incantavcrit,
600 1630 656 1679 etc.
1191 1608 1194 1616 ‚

114 1703 186 1764 vita
203 1703 237 1762 S.
257 1703 418 1766 Praeiecti:

156 1796 233 1858 Cum
251 1798 417 1860 nullatenus
438 1821 453 1860 a
472 1802 592 1863 medicis
611 1803 658 1866 vel
676 1804 909 1868 incantatoribus
922 1809 1067 1870 medelam
1081 1813 1223 1893 consequi

137 1890 302 1973 ualuisset.
962 1925 965 1932 ·

112 1982 281 2062 Fredegar.
298 1982 451 2058 Epitome,
470 2005 495 2043 c.
514 1993 548 2050 9:
593 2047 603 2060 ,
1187 2055 1189 2060 y

155 2072 351 2133 Mummolum
371 2072 502 2134 factione
521 2077 744 2158 Fredegundae,
764 2082 811 2140 cui
829 2082 1008 2164 reputabant
1027 2085 1118 2150 filium
1139 2109 1223 2152 suum

156 2188 212 2248 per
230 2165 463 2226 incantationem
485 2168 679 2244 interfecisse,
697 2171 781 2231 iussit
799 2195 849 2232 rex
868 2178 1036 2257 suggillare.
1108 2185 1116 2196 “

115 2263 208 2321 Tom.
219 2259 276 2318 111.
297 2259 414 2320 Concil.
434 2259 586 2340 Hispanic.
606 2281 635 2341 p.
651 2267 670 2327 7
679 2285 686 2322 :

156 2353 206 2412 De
227 2353 387 2449 eo„quod
412 2375 475 2414 non
501 2353 812 2418 liceatsacerdotibns
830 2356 879 2420 vel
899 2357 1013 2420 clericis
1031 2360 1226 2426 incantatores

157 2443 207 2506 vel
228 2445 314 2504 etiam
333 2448 493 2507 contrarias
512 2447 651 2530 ligaturas
671 2449 778 2512 facere.

177 2539 262 2598 XIII.
300 2537 349 2598 De
367 2543 509 2616 atagartis,
527 2541 574 2600 vel
590 2546 697 2617 ovium,
717 2545 927 2624 colaphorum,
947 2545 993 2604 vel
1008 2543 1225 2609 exhonoram-

115 2653 202 2710 core,
220 2631 267 2690 vel
282 2633 539 2694 amatodooa'bus.
579 2633 700 2697 Tacitus
721 2638 757 2697 de
776 2638 916 2722 Auguriis
937 2637 1154 2700 Germanorum
1173 2641 1226 2720 ait,

160 2726 241 2805 quod
262 2727 391 2807 auspicia
411 2739 574 2806 sortesque,
593 2739 627 2786 ut
647 2729 697 2808 qui
715 2729 838 2792 maxime
859 2731 1040 2794 observent·

114 2821 203 2882 Idem
222 2830 379 2879 memorat:

155 2911 263 2972 Avium
282 2933 381 2988 voces,
399 2913 571 2994 volatusque
591 2915 775 2999 interrogare
787 2917 940 2997 proprium
953 2918 1059 2999 gentis,
1079 2933 1225 2996 equorum

157 3027 277 3086 quoque
297 3006 448 3089 praesagia
469 3029 502 3068 ac
522 3009 650 3068 monitus
671 3010 803 3090 experiri.

116 3098 283 3178 Procopius
309 3099 362 3158 lib.
381 3101 434 3158 IV.
459 3099 530 3161 belli
556 3101 679 3162 Gothici
709 3103 745 3162 de
770 3099 974 3184 Hermegisclo
998 3099 1167 3159 Varnorum
1192 3096 1225 3156 in

115 3191 309 3270 Westpbalia
327 3213 399 3274 rege
419 3215 524 3274 agens:

154 3285 266 3356 Forte,
297 3287 403 3362 inquit,
434 3285 652 3368 Hermegisclus
682 3307 748 3345 cum
772 3287 941 3343 Varnorum
964 3277 1145 3361 principibus
1170 3299 1225 3364 per

156 3397 244 3460 agros
256 3375 390 3455 equitans
399 3395 485 3454 avem
502 3379 586 3451 vidit,
607 3397 728 3455 eamque
748 3395 858 3435 sonore
878 3375 1079 3450 crocitantem,
1098 3375 1159 3438 sive
1172 3397 1225 3437 au-

158 3481 225 3530 tem.
239 3467 384 3528 intellexit
398 3466 525 3531 volucris
538 3489 651 3544 sonum,
671 3469 731 3530 sive
744 3467 861 3530 aliunde
873 3469 1004 3544 edoctus,
1024 3468 1129 3528 ominis
1141 3469 1224 3528 istius

158 3561 244 3627 finxit
262 3561 454 3638 intellectum,
474 3561 609 3622 omnibus
631 3561 680 3642 qui
699 3563 831 3639 aderant,
850 3563 944 3645 palam
965 3561 1067 3637 edixit·
1081 3573 1150 3641 post
1162 3559 1224 3622 dles

162 3655 356 3752 quadrpginta
375 3655 452 3716 vitae
471 3655 527 3716 sihi
546 3655 654 3715 instare
674 3657 798 3732 exitum,
817 3657 847 3717 id
867 3657 923 3717 sibi
942 3675 1025 3716 avem
1044 3654 1224 3735 praedicere.

117 3749 225 3809 Restat
244 3748 404 3808 hodienum
423 3747 623 3829 superstitiosa
643 3750 721 3830 apud
740 3749 900 3830 nonnullos
917 3747 1032 3830 opinio,
1051 3747 1131 3829 quod
1140 3747 1224 3830 ipso-

116 3864 185 3903 rum
204 3843 314 3902 instans
330 3842 406 3902 vitae
419 3841 508 3904 exitus
521 3842 724 3922 portendatur,
743 3841 767 3902 si
780 3841 930 3902 bubonem
944 3839 1117 3905 clamantem
1128 3856 1223 3922 prope

119 3935 211 3996 aedes
229 3933 356 3995 audiant.
394 3935 442 3994 De
462 3933 589 4017 auguriis
610 3955 754 4015 equorum
774 3933 908 3996 Tacitus:

160 4023 319 4106 Proprium
345 4029 427 4111 genti
454 4049 597 4108 equorum
623 4048 741 4108 quoquc
761 4027 913 4110 praesagia
932 4049 966 4090 ac
985 4027 1114 4089 monitus
1135 4041 1224 4101 expe-

161 4119 224 4182 riri.
264 4119 387 4182 Publice
407 4119 524 4180 aluntur
535 4119 639 4180 iisdem
657 4120 688 4180 in
707 4119 878 4180 nemoribus
898 4141 931 4183 ac
950 4121 1034 4196 lucis,
1054 4113 1170 4179 candidi
1189 4135 1224 4180 ac

159 4213 382 4274 nullo'mortali
401 4231 492 4293 opere
513 4211 653 4288 contacti,
672 4233 745 4292 quos
765 4215 881 4294 pressos
893 4233 975 4274 sacro
989 4231 1076 4272 curru
1088 4211 1223 4272 sacerdos

159 4328 194 4368 ac
211 4329 263 4367 rex
281 4308 329 4368 vel
349 4306 485 4386 princeps
506 4305 629 4366 civitatis
642 4305 827 4381 comitantur,
845 4305 1034 4382 hinnitusque
1047 4299 1224 4363 acsremitus

162 4399 329 4466 observant.
357 4401 421 4462 Nec
440 4399 493 4460 ulli
512 4399 642 4481 auspicio
662 4401 755 4461 maior
773 4398 856 4474 fides,
874 4417 936 4458 non
956 4395 1051 4458 solum
1071 4393 1149 4476 apud
1159 4394 1224 4474 ple·

895 4487 985 4572 [μ]
1029 4552 1041 4580 .
