2890 5092
563 309 572 354 l

531 391 650 508 'ssu

48 602 268 680 Alasenza⁸²),
290 621 355 667 tum
372 613 453 670 ‚casa
482 597 658 664 dominicata
687 579 807 661 mansos
828 600 947 662 vestitos
973 603 1091 666 serviles
1116 605 1157 665 IL

48 693 140 756 absos
162 696 221 756 111.
242 695 278 756 de
298 707 382 776 prata
411 695 448 754 ad
468 693 600 755 carradas
620 694 684 752 XV.
705 695 742 752 de
768 692 861 756 vineis
885 692 1028 772 picturam
1048 688 1159 758 Lme-

48 787 146 848 linum
167 790 193 848 Ι.
215 799 246 849 et
263 788 365 849 siluam
385 805 580 846 communem.
618 785 717 854 Habet
735 786 854 868 Herigis
882 784 914 844 in
938 787 1003 870 ipso
1028 810 1106 869 pago
1127 791 1159 850 in

49 881 235 946 beneficium
255 883 287 940 in
307 880 375 940 villa
395 878 455 953 illa,
475 899 592 940 mansos
610 879 732 940 vestitos
752 879 868 940 serviles
884 881 937 937 IV.
957 879 1057 940 absum
1077 883 1102 940 Ι.
1122 885 1159 942 de

49 975 148 1034 vineis
171 975 300 1055 picturas
317 973 358 1030 11.
396 971 710 1032 Vualtberihabetin
737 970 913 1032 beneficium
938 972 970 1030 in
994 974 1159 1055 ipsopago
1222 1009 1225 1017 .
1279 954 1281 967 Ι

50 1067 82 1126 in
110 1069 184 1130 villa
209 1067 276 1142 illa,
304 1086 368 1126 cum
393 1085 458 1126 casa
485 1057 662 1129 dominicata
685 1085 801 1145 mansos
825 1065 948 1152 vestitos
967 1067 1085 1130 serviles
1105 1069 1159 1128 vl.

50 1161 208 1222 devincis
234 1161 361 1239 picturas
380 1158 433 1216 VI.
455 1158 490 1218 de
515 1170 598 1237 prata
624 1158 660 1218 ad
687 1157 820 1218 carradas
839 1158 907 1230 VI.;
939 1171 969 1218 et
987 1160 1159 1220 Lorenzen-

47 1253 156 1314 villare
179 1264 210 1312 et
229 1251 427 1331 Heplanbeim'
451 1262 481 1310 et
499 1251 735 1312 Vuinolfesheim'
764 1270 881 1310 mansos
901 1251 1021 1315 vestitos
1041 1254 1159 1314 serviles

48 1347 91 1403 ΙΙ.
113 1344 206 1406 absos
225 1344 265 1402 ΙΙ.
303 1345 344 1402 Et
362 1342 452 1402 babet
469 1343 533 1422 ipse
552 1343 705 1407 Vualtheri
729 1345 760 1402 in
780 1361 860 1425 pago
880 1341 1021 1421 Spirense
1039 1347 1071 1404 in
1089 1346 1160 1407 villa

47 1438 192 1498 Tatastat
205 1421 363 1496 ecclesiam
382 1438 406 1496 Ι.
427 1457 493 1497 cum
513 1455 577 1498 casa
599 1437 776 1496 dominicata
796 1456 912 1496 mansos
931 1437 1053 1498 vestitos
1073 1439 1158 1520 inge-

49 1531 150 1590 nuiles
172 1531 224 1589 IV.
244 1530 363 1592 serviles
382 1531 502 1592 vestitos
522 1531 557 1590 X.
579 1529 680 1590 absum
700 1530 724 1588 Ι.
749 1529 897 1592 devincis
917 1529 1047 1608 picturas
1065 1532 1102 1590 V.
1123 1533 1160 1592 de

50 1635 138 1703 prata
161 1624 199 1683 ad
219 1609 351 1684 carradas
370 1623 443 1696 XX,
478 1625 573 1685 etsie
599 1633 697 1683 cetera
724 1623 762 1684 de
786 1622 893 1684 talibus
918 1623 1008 1686 rebus
1027 1622 1160 1688 breviare
1268 1693 1272 1704 ¹

53 1717 157 1777 debes.

21 1933 26 1940 .
72 1887 170 1948 Item
191 1886 232 1948 ad
251 1886 493 1950 breviandum
513 1891 555 1950 de
575 1889 751 1972 peculiis,
778 1891 821 1950 de
839 1890 1053 1952 ministerio
1074 1875 1162 1951 illo‘

330 1981 478 2042 maioris
503 1983 561 2044 vel
581 1994 813 2044 caeterorum
829 1987 891 2063 ⁸³).

113 2081 286 2164 Invenimus
306 2089 337 2150 in
358 2091 489 2171 Asnapio
516 2092 586 2152 fisco
614 2093 764 2165 dominico¹
788 2095 877 2156 salam
901 2097 1032 2177 regalem
1059 2115 1092 2154 ex
1118 2093 1162 2154 la·
1198 2121 1210 2146 ι

55 2184 127 2262 pide
154 2182 265 2244 sactum
291 2184 481 2264 optime⁸⁴)‚
512 2206 639 2246 cameras
664 2186 721 2244 ΙΙΙ.
746 2186 922 2265 solariis⁸⁵)
947 2201 1041 2248 totam
1067 2209 1163 2248 casam
1272 2224 1276 2239 ·

54 2277 277 2350 circumdatam,
297 2298 364 2336 cum
383 2277 516 2357 pisilibus
535 2279 587 2338 XI.
607 2279 684 2338 infra
704 2277 915 2355 cellarium⁸⁶)
929 2281 954 2338 1.
974 2282 1105 2358 porticus
1121 2282 1162 2340 II.

55 2370 129 2429 alias
151 2388 230 2428 casas
249 2365 326 2428 inira
350 2382 462 2432 curtem
488 2392 523 2432 ex
547 2372 630 2454 ligno
656 2371 745 2431 lactas
764 2371 924 2450 XVII.⁸⁷)
950 2393 1014 2430 cum
1038 2373 1164 2432 totidem

57 2459 200 2534 cameris,
220 2471 250 2528 et
269 2463 390 2522 caeteris
411 2465 589 2542 appendiciis
610 2465 687 2524 bene
708 2461 887 2544 conpositis,
907 2463 1117 2544 stabulum⁸⁸)
1137 2461 1164 2524 Ι.

57 2552 220 2632 coquinam
240 2554 264 2614 l.
284 2555 438 2636 pistrinum
458 2557 498 2631 L,
534 2557 657 2636 spicaria
683 2557 723 2616 II.
756 2577 853 2616 scuras
881 2556 937 2616 ΙΙΙ.
970 2568 1081 2618 curtem
1114 2570 1163 2618 tu-

57 2647 141 2712 nimo
153 2647 208 2723 ⁸⁹)
219 2657 337 2708 strenue
357 2649 497 2718 munitam
518 2671 582 2710 cum
603 2661 689 2730 porta
708 2643 899 2728 lapidea⁹⁰>,
919 2662 949 2710 et
969 2651 1093 2730 desuper
1111 2671 1162 2712 so·
1206 2663 1210 2682 '

58 2739 167 2798 larium*
192 2738 227 2798 ad
248 2733 552 2822 dispensandumss),
573 2743 807 2820 curticulum⁹²)
827 2743 961 2802 similiter
979 2743 1092 2803 tunimo
1113 2745 1164 2808 in.

59 2831 294 2908 terclausam⁹³)
314 2832 519 2894 ordinabiliter
543 2834 726 2915 dispositam,
754 2835 921 2916 diversique
941 2837 1058 2920 generis
1076 2839 1162 2918 plan-

59 2937 148 2986 tatam
168 2924 312 2985 arbonem
324 2927 375 3002 ⁰⁴)
390 2951 404 2984 v.
443 2927 639 2988 Vestimenta:
660 2929 768 2988 lectum
787 2929 1012 3007 parandum⁹⁵)
1029 2930 1053 2988 Ι.
1074 2932 1166 3012 drap-¹

61 3040 115 3098 pos
136 3019 175 3078 ad
195 3017 304 3078 discum
324 3018 349 3076 Ι.
369 3018 603 3098 parandum⁰⁶),
621 3021 749 3080 toaclum
763 3020 786 3076 Ι.
800 3024 857 3094 ⁹⁷).
877 3022 1035 3081 Utensilia:
1056 3043 1162 3086 concas

62 3131 161 3172 aereas
182 3111 223 3169 II.
243 3109 396 3190 poculares
416 3111 456 3170 11.
478 3109 606 3172 calderas
626 3133 725 3172 aereas
737 3113 788 3190 ⁹⁸)
809 3114 849 3172 ΙΙ.
869 3113 1030 3191 ferrea⁹⁹)
1050 3116 1074 3174 Ι.
1100 3138 1163 3176 sar-

61 3205 192 3286 taginem
211 3204 318 3280 1.¹⁰⁰)
344 3205 544 3284 grammalium
564 3207 629 3284 ΙΙ)
654 3206 796 3266 andedam
816 3206 881 3283 I.²)
906 3205 999 3264 farum
1019 3207 1043 3264 Ι.
1059 3211 1090 3285 ³)
1115 3230 1163 3270 se-

62 3317 144 3358 cures
168 3295 211 3355 II.
241 3294 412 3356 dolatariam
438 3297 478 3356 II.
508 3299 643 3360 terebros
667 3300 724 3362 ΙΙ..
740 3298 847 3360 asciam
869 3298 894 3358 Ι.
909 3298 941 3369 ⁴)
965 3298 1111 3379 scalprum
1136 3302 1162 3362 Ι.

62 3391 217 3450 runcinam
236 3389 260 3447 l.
280 3388 398 3467 planum
418 3389 442 3446 1.
454 3392 485 3466 ⁶)
511 3391 601 3452 falces
620 3392 659 3450 II.
680 3389 828 3450 falciculas
848 3391 888 3450 ΙΙ.
909 3389 988 3470 palas
1008 3389 1088 3453 lerro
1108 3415 1163 3478 pa-

62 3494 135 3544 ratas
155 3483 199 3542 II.
243 3481 387 3540 Utensilia
412 3481 511 3562 lignea
537 3483 572 3542 ad
592 3483 814 3545 ministrandum
833 3483 1064 3563 sufficientem).
1113 3489 1162 3548 De

64 3575 272 3637 conlaboratu:
304 3574 437 3654 speltal)
461 3586 542 3636 vetus
568 3575 604 3636 de
625 3597 704 3638 auno
725 3579 903 3658 praeterito,
918 3575 1076 3654 'corbes⁸)
1095 3581 1162 3642 XC.

64 3688 136 3746 quae
157 3679 283 3750 possunt
302 3667 364 3728 fieri
385 3668 421 3728 de
442 3667 535 3728 farina
554 3690 658 3749 pensas
679 3670 826 3734 CCCCL.
847 3673 968 3732 ordeum
988 3670 1103 3731 modios
1124 3673 1160 3734 C.

65 3761 212 3837 praesenti
231 3780 309 3820 auno
335 3760 455 3820 fuerunt
478 3761 589 3841 speltae
616 3765 721 3824 corbes
743 3763 806 3824 CX.
826 3765 1007 3840 seminum⁹)
1034 3784 1067 3824 ex
1092 3765 1162 3846 ipsis

67 3853 170 3914 corbes
191 3854 268 3934 LX.;
287 3853 400 3932 reliqua
420 3857 596 3933 reperimus:
617 3857 815 3934 frumenriw)
836 3857 950 3916 modios
965 3855 999 3918 C.
1020 3858 1162 3918 seminum
1287 3853 1290 3862 ⁴

66 3943 136 4022 tx,
154 3947 268 4026 reliqua
287 3948 460 4026 reperimus:
481 3947 605 4029 siliginis
623 3950 738 4010 modios
757 3949 838 4010 mille
856 3949 993 4022 DCCG.;
1019 3951 1161 4010 seminum
1254 3933 1256 3951 Ι

67 4036 92 4096 Ι.
111 4041 249 4110 totidem3
279 4040 437 4117 ordeo¹¹)
455 4042 570 4102 modios
594 4042 673 4102 mille
692 4039 831 4114 DCCC.;
856 4044 997 4104 seminum
1017 4043 1041 4100 l.
1062 4042 1161 4120 C.¹²)

67 4129 177 4210 reliqua
200 4132 422 4212 reperimus¹³)
453 4154 545 4195 avena
570 4133 685 4194 modios
712 4133 913 4197 CCCCXXX.
939 4134 1006 4195 saba
1031 4133 1162 4196 modium

69 4219 92 4279 I.
117 4224 258 4304 pisos¹⁴)
281 4225 396 4284 modios
420 4226 489 4284 XII.
515 4227 551 4286 de
576 4226 753 4306 molinis¹⁵)
773 4229 809 4287 V.
835 4227 950 4308 rpodios
974 4223 1099 4286 DCCC.
1124 4229 1162 4288 ad

68 4313 209 4378 minorem
233 4338 413 4396 mensuram,
445 4319 575 4380 dedimus
598 4319 819 4400 praebendariis
845 4317 1022 4396 modios¹⁶)
1044 4317 1179 4380 CCXL.-

69 4405 188 4488 reliqna,
206 4410 377 4491 reperimus.
428 4412 476 4474 De
496 4409 695 4506 'rambonibus
709 4416 760 4494 ¹⁷)
784 4412 837 4474 IV.
866 4410 980 4474 modios
1004 4411 1097 4474 DCL.
1124 4413 1160 4474 ad
