2890 5092
759 441 850 512 ulo

248 603 340 665 sterio
359 602 451 664 sancti
472 597 551 662 Galli
570 599 627 660 riri
645 599 815 681 peritissimi
834 596 998 672 ediderunt,
1017 595 1121 657 beatus
1129 593 1282 657 Notlrerus
1296 594 1380 656 bal-

246 697 335 758 bulus
355 709 384 757 et
402 695 568 770 Romanus,
595 694 762 774 caeterique
781 692 913 775 magistri
939 701 1131 752 correxerunt
1154 689 1234 749 iuxta
1260 709 1379 750 exem-

249 789 330 871 pluin
356 787 516 868 authentici
542 787 740 867 antiphonarii
765 785 921 868 Gregorii,
947 784 1038 867 elegit
1062 794 1197 858 cantare,
1223 793 1256 842 et
1280 783 1380 844 hunc

249 884 337 944 ritum
355 881 528 944 modulandi
546 901 672 959 servare,
692 901 779 962 quem
800 881 887 941 etiam
907 899 1010 940 omues
1030 899 1112 938 usum
1123 875 1376 956 appellaverunt.

699 1199 900 1212 W

617 1415 748 1484 ceap·
785 1412 984 1470 lter-luel

540 1550 678 1637 Virgo
724 1547 1064 1630 Androphoros.

398 1720 472 1780 Post
492 1719 616 1780 domitas
636 1719 728 1799 Alpes
749 1713 971 1804 debellatosque
991 1716 1122 1797 potentis

397 1811 549 1872 lusubriae
570 1811 704 1892 Latiique
725 1811 834 1883 Duces,
854 1810 1009 1890 pulsusque
1030 1809 1140 1871 ferocis

258 1903 276 1978 ,¹
354 1920 357 1930 ’
398 1903 559 1986 Relliquias
580 1903 711 1981 Tutllae,
731 1927 797 1965 cum
817 1903 875 1965 late
897 1903 1033 1984 Sequana
1052 1901 1139 1963 terris

398 1999 466 2060 Iura
487 2000 580 2075 daret,
603 1999 785 2078 fractumque
805 1999 862 2060 suis
883 1995 1195 2080 compesceret‚armis

356 2095 375 2156 6
396 2089 521 2166 Saxona,
541 2091 773 2172 Pannoniusque
792 2103 900 2169 truces,
920 2095 1085 2171 Istrumque
1101 2089 1281 2170 Serumque,

395 2185 435 2244 Et
453 2185 546 2246 victus
567 2181 679 2247 Carolo
700 2185 793 2247 fasces
812 2185 999 2247 submitteret
1018 2185 1112 2246 orbis:

286 2353 291 2362 '
395 2278 472 2338 Risit
490 2281 584 2340 Amor
605 2279 787 2359 Venerisque
807 2299 891 2359 puer,
912 2279 1106 2358 quatiensque
1127 2277 1298 2358 pharetram

393 2369 434 2430 Et
452 2371 523 2432 mihi
543 2383 611 2432 sunt
630 2373 732 2448 fasces,
751 2373 858 2452 inquit,
875 2373 1035 2453 mundique
1055 2385 1185 2453 potestas

393 2463 576 2526 Francorum
598 2485 663 2524 cum
682 2467 766 2548 Rege
785 2485 850 2526 mea
871 2477 928 2538 est;
947 2465 1020 2526 haec
1038 2465 1098 2525 tela
1119 2464 1257 2544 facesque

334 2563 372 2622 10
392 2557 518 2638 Sceptra
538 2557 669 2634 domant,
689 2577 852 2642 regumque
872 2560 932 2620 mei
951 2557 1151 2640 penetralibus
1171 2558 1255 2639 ignes

335 2657 337 2664 '
393 2650 564 2727 Luxuriant,
582 2649 763 2732 tenerosque
782 2673 870 2714 ruens
890 2653 1019 2714 bellator
1037 2653 1069 2712 iu
1089 2673 1193 2728 anuos,

395 2744 555 2828 Virgineus
576 2745 647 2804 mihi
668 2745 762 2805 subdo
783 2746 876 2818 sinus;
896 2745 1071 2826 mitrataque
1092 2765 1169 2826 cogo

395 2837 482 2897 Colla
504 2837 689 2916 Cupidineae
708 2837 791 2920 leges
811 2837 945 2918 perferre
961 2837 1072 2900 'tiarae

390 2933 453 2993 Nos
475 2951 605 3012 quoque,
624 2951 679 2992 nos
701 2929 803 2992 Caroli
823 2953 929 3004 sumus,
950 2943 980 2992 et
999 2953 1061 2992 non
1083 2930 1197 3012 dispare
1216 2929 1280 2991 lato

335 3033 373 3094 15
393 3026 571 3108 Regnamus,
592 3042 767 3106 quacunque
789 3025 870 3088 libet.
903 3025 937 3086 Si
956 3025 1076 3085 nomina
1096 3025 1197 3108 Magni

288 3152 303 3180 t
390 3121 527 3180 Victores
547 3121 658 3180 iactant
676 3119 791 3200 populi,
810 3120 921 3180 maiora
941 3139 1099 3195 meremur,

370 3197 482 3274 ‘Maius
504 3233 577 3296 opus
597 3213 735 3294 princeps
755 3233 877 3288 moveo;
895 3214 919 3273 si
940 3212 1080 3274 barbarus
1101 3209 1236 3288 Euodus,

390 3307 424 3367 Si
445 3306 593 3368 Gothicae
614 3327 726 3367 cessere
746 3307 822 3368 acies
842 3319 873 3367 et
893 3305 1008 3367 Gallica
1028 3327 1115 3390 gaesa

390 3401 539 3460 Vandalus
561 3411 590 3460 et
609 3399 699 3481 Mysis
719 3401 817 3462 timuit
836 3400 1051 3481 trepidantibus
1071 3395 1171 3461 Albis:

335 3495 374 3556 20
394 3490 512 3549 Sentiet
532 3493 596 3550 aula
617 3514 699 3554 meae
721 3495 832 3556 lacinus
852 3493 1045 3554 memorabile
1066 3493 1194 3570 dextrae,

390 3583 508 3642 Sentiet
527 3585 630 3642 Emma
652 3585 748 3662 dolos,
767 3599 799 3647 et
819 3587 970 3648 fraudibus
992 3597 1059 3667 apta
1079 3587 1194 3668 patebit

387 3675 550 3760 Virginitas
570 3689 691 3758 augusta
712 3680 794 3756 meis,
814 3701 958 3762 generosa
977 3681 1081 3764 virago

388 3771 488 3831 Nubet
509 3783 539 3832 et
559 3771 653 3831 insani
673 3772 822 3854 specimen
842 3795 873 3834 se
895 3775 973 3835 dicet
992 3775 1110 3851 amoris,

389 3863 526 3944 Veroque
546 3865 691 3926 scribetur
710 3867 829 3928 victuris
850 3866 949 3928 sabula
968 3867 1059 3928 fastis.

330 3961 369 4022 ‘25
389 3954 504 4015 Partiar
523 3959 648 4022 illustres
668 3981 777 4043 magno
798 3983 863 4020 cum
885 3974 968 4042 patre
988 3964 1167 4043 triumphos;

385 4049 524 4128 Dumque
546 4051 587 4111 illi
608 4054 700 4138 longo
722 4054 853 4116 devictae
875 4077 909 4116 ex
929 4055 1032 4116 ordine
1053 4068 1157 4138 gentes

351 4194 355 4202 .
388 4140 542 4221 Obsequio
562 4165 593 4205 se
614 4167 747 4228 quaeque
768 4148 908 4230 probant,
927 4149 998 4208 mihi
1018 4149 1137 4232 regibus
1158 4161 1224 4210 orta

383 4229 548 4316 Progenies
568 4259 730 4320 regumque
751 4263 847 4320 soror,
868 4243 1053 4324 celebrisque
1075 4243 1176 4326 Pipini

216 4403 223 4410 .
384 4328 531 4409 Claraque
552 4330 681 4393 Marcelli
694 4325 797 4415 ‘neptis
818 4337 963 4417 stipendia
984 4337 1053 4397 lecti

282 4453 284 4458 ·
326 4425 365 4486 30
385 4421 500 4502 Solvet,
520 4435 549 4485 et
569 4425 684 4510 imperii
704 4428 921 4511 maiestatisque
941 4451 1060 4492 suonam
1102 4467 1110 4484 ·
