2890 5092
604 453 693 527 m

246 613 414 700 Immemor,
434 623 523 672 exuto
543 627 664 694 quaeret
683 617 788 680 furtiva
808 618 925 698 pudore

246 705 355 787 Oscula
376 718 406 765 et
425 706 542 788 indigni
562 707 702 768 calamum
721 711 872 793 scriptoris
892 710 1010 772 amabit.

245 781 387 874 Quam
361 798 423 874 rrsi,
444 819 509 858 cum
529 801 651 880 pulchra
673 801 783 864 Creten
802 805 984 890 Hipparcbia
1004 807 1110 867 coniux

246 891 399 966 Posceret,
420 903 450 952 et
469 892 551 954 foedi
570 889 728 976 placuisset
746 899 838 980 gratia
858 897 982 981 gibbi,

148 1011 153 1019 ·
186 989 225 1050 35
244 981 480 1064 Decrepitusque
500 989 602 1049 senes!
624 1011 710 1070 quam
730 1007 778 1050 me
798 994 971 1055 moderante
991 995 1154 1056 Menander

242 1079 344 1140 Evasit
363 1080 482 1140 crudele
502 1082 611 1158 lorum,
630 1083 804 1165 gladiosque
823 1105 923 1148 severa

242 1171 387 1234 Discussit
405 1175 562 1255 Trypbosa
580 1178 662 1236 tuos!
684 1199 771 1257 quarn
791 1178 871 1239 bella
891 1182 977 1262 coe'gi

244 1265 393 1346 Corpora,
415 1288 480 1328 cum
500 1268 602 1350 rigidis
621 1269 791 1332 Preciosam
810 1274 931 1334 duceret
950 1275 1039 1333 Astur

242 1358 383 1442 Legibus,
404 1374 434 1421 et
453 1362 551 1423 lacera
572 1376 686 1424 erraret
703 1386 759 1446 per
775 1366 908 1446 'compita
927 1365 1016 1445 palla,

185 1455 225 1516 dl)
244 1452 368 1531 Ignarus
388 1456 476 1534 prisci
496 1457 608 1520 deeris!
627 1459 715 1518 Nunc
734 1459 817 1542 regia
836 1459 923 1542 virgo

141 1584 143 1587 -
243 1543 405 1628 Concipiet
423 1550 567 1621 flammam
587 1553 755 1632 nostrisque
776 1549 874 1613 arsur'a
894 1553 1000 1614 favillis

240 1638 383 1720 Implebit
401 1655 494 1704 terras
513 1645 600 1721 fama,
620 1647 856 1725 documentaque
875 1647 987 1708 mundo

241 1733 333 1796 Certa
353 1736 445 1813 dabit,
466 1757 552 1816 quam
572 1739 615 1797 nil
634 1740 737 1800 timeat
756 1761 875 1801 securus
894 1741 1042 1801 honorum

240 1829 280 1888 Et
298 1830 374 1890 recti
394 1842 585 1912 contemptor
604 1853 696 1908 amor,
717 1844 894 1913 centumque
914 1835 1009 1896 libido
1097 1855 1100 1862 ’

184 1927 224 1988 45
242 1923 316 1983 Nixa
337 1921 426 1994 dolis;
445 1923 517 1985 haec
538 1925 676 1986 fatidicae
693 1938 818 1988 ventura
837 1949 967 2005 sorores,

240 2018 301 2078 Ista
320 2017 440 2076 trahent
458 2018 583 2079 tetricae
602 2019 684 2079 fatali
703 2021 814 2101 pollice
833 2021 955 2082 Parcae.

289 2109 349 2170 Pax
370 2123 442 2187 erat,
463 2123 493 2171 et
512 2112 591 2171 laeto
603 2108 760 2194 ¹regnatrix
780 2113 877 2175 Gallia
895 2115 980 2177 vultu

243 2203 283 2264 Se
308 2215 429 2284 poterat
449 2206 632 2285 dominoque
652 2205 725 2264 frui:
747 2227 813 2266 cnm
832 2207 906 2268 festa
925 2229 981 2287 per
999 2201 1093 2286 aulam
1148 2217 1161 2228 '

239 2298 374 2378 Apparet
393 2299 509 2384 ingenti
529 2299 671 2379 Princeps
692 2299 827 2360 convivia
846 2298 925 2374 luxu,

186 2398 225 2456 50
244 2393 382 2470 Totaque
401 2393 547 2453 nobilium
567 2403 710 2455 resonant
728 2391 837 2472 palatia
856 2391 970 2472 plausu,

242 2485 413 2566 Magnificus
434 2487 556 2546 ductura
575 2507 674 2546 nurus.
713 2485 861 2546 Mavortia
880 2505 1022 2564 nusquam
1089 2511 1099 2530 r

243 2577 346 2660 Signa,
366 2579 417 2639 sed
437 2579 571 2640 Attalicis
592 2591 763 2640 sternuntur
781 2579 882 2640 limina
902 2578 1019 2654 mensis,

217 2701 222 2712 ·
239 2672 281 2730 Et
301 2685 422 2732 cunctos
442 2673 518 2733 laxat
536 2672 670 2732 maiestas
688 2672 815 2754 'prodiga
836 2673 936 2733 fastos.

198 2799 203 2818 .
240 2765 310 2824 Νοιι
330 2765 378 2826 hic
396 2767 550 2826 thoracum
570 2764 726 2840 umbones,
745 2786 808 2825 non
828 2765 944 2850 fulgere
963 2785 1065 2827 cernas

185 2857 408 2920 attentates
429 2861 538 2920 circum
559 2859 655 2939 clypei
674 2859 871 2940 septemplicis
891 2858 991 2936 orbes,

238 2951 310 3010 Non
330 2951 444 3034 gladios
463 2951 581 3032 stringit
599 2953 694 3011 bellax
713 2955 819 3034 vagina
837 2954 976 3015 minaces.

241 3043 351 3105 Omnia
371 3043 563 3126 proscribunt
582 3065 733 3124 proceres,
754 3047 785 3104 in
806 3045 910 3128 gaudia
931 3045 1049 3106 solvunt

241 3144 370 3224 ignavos
391 3140 515 3215 animos,
535 3138 744 3218 horrendaque
765 3139 883 3199 classica
902 3138 984 3199 lenes

242 3233 422 3294 Demulcent
441 3233 581 3305 citharae,
600 3232 749 3311 lituosque
771 3226 909 3292 'obtundit
930 3241 960 3289 et
979 3249 1047 3288 aera

188 3335 227 3394 60
245 3325 359 3388 blanda
380 3325 488 3406 chelys,
509 3325 663 3405 plenisque
683 3326 805 3384 madent
824 3321 984 3384 crateribus
1004 3341 1092 3380 arma.

294 3418 360 3494 Sic,
379 3416 432 3476 ubi
452 3419 563 3478 iuratos
583 3417 695 3478 caelum
715 3415 882 3478 rescindere
902 3415 1017 3490 fratreS,

241 3509 435 3586 Enceladum,
455 3511 601 3592 Typhoea
621 3511 727 3584 serum,
747 3510 927 3589 Briareaque
948 3505 1042 3568 dirum

242 3603 385 3683 Reppulit
409 3603 452 3664 ira
473 3605 566 3667 lovis:
586 3617 652 3666 toto
672 3625 703 3665 se
721 3605 813 3665 laetus
834 3601 964 3686 Olympo

240 3697 390 3776 Explicuit
408 3710 493 3777 pater
512 3699 574 3780 ipse
593 3699 691 3758 Derim
712 3717 852 3776 curasque
871 3706 1025 3774 metusque

147 3795 152 3805 ’
187 3799 226 3858 65
245 3791 444 3871 Titanumque
464 3793 556 3852 minas
576 3792 661 3853 hilari
681 3789 813 3852 dissolvit
831 3789 949 3850 Iaccho.

243 3885 326 3946 Mille
346 3885 441 3945 modis
462 3885 593 3969 gaudent
611 3885 727 3966 populi,
747 3901 962 3964 procerumque
982 3877 1149 3960 ducumque
1172 3897 1174 3902 ·

241 3977 418 4038 Diluitur
393 4000 453 4038 rrsu
465 3977 611 4062 'gravitas3
632 3997 771 4057 suspensa
791 3975 924 4056 superbis

242 4071 268 4130 E
290 4071 412 4150 dapibus
431 4071 533 4136 vexilla
552 4070 664 4165 volant,
684 4069 790 4150 quibus
811 4090 911 4158 aspera
932 4067 1014 4141 belli,
1096 4063 1100 4070 ’

141 4195 146 4206 =
243 4163 409 4224 Prostratas
430 4156 637 4226 Soraborum
635 4163 721 4238 acies,
742 4184 893 4243 arcusque,
913 4160 1043 4239 sagittas,

187 4261 227 4322 70
248 4253 369 4336 Oppida
389 4269 473 4337 capta
492 4276 591 4364 manu,
610 4265 770 4336 raptosque
790 4275 824 4316 ex
844 4256 929 4315 hoste
949 4260 1071 4332 penates

244 4347 412 4408 Pinxerat
402 4349 557 4430 ingeniosa
576 4365 686 4408 manus.
725 4349 795 4408 Mox
815 4349 887 4406 atria
909 4363 1017 4404 cernas
1046 4417 1047 4420 Ἴ

244 4441 374 4507 Larvatis
394 4442 544 4522 trepidare
563 4441 650 4516 viris,
668 4442 716 4503 hic
736 4462 837 4505 saevus
857 4437 1003 4499 Achillem

874 4529 960 4614 [θ’]
