2908 5094
778 445 866 522 l'Rd

275 625 369 700 gatar,
386 607 509 693 qualite‘r
529 611 651 692 quisque
671 610 722 674 ad
728 601 844 670 culmen
862 604 1030 702 regiminis,
1048 603 1187 666 videlicet
1210 605 1392 687 Episcopa-

224 725 226 734 ’
276 723 334 786 tus,
352 723 453 771 ventre
459 703 582 780 debeat,
602 715 689 784 atque
709 699 745 764 ad
764 703 822 763 hoe
842 693 1118 782 rectepervenie'ns,
1138 697 1266 780 qualiter
1284 699 1393 770 rim,

190 847 194 864 ι
278 815 318 864 et
310 803 426 862 bene
433 801 550 874 vivens,
575 797 699 878 qualiter
724 798 844 873 doceat,
869 806 906 855 et
930 804 1011 856 recte
1044 794 1154 856 docens
1179 793 1393 856 infirmitatem

178 931 181 948 ·
277 895 357 956 suam
385 891 517 974 quotidie
544 895 651 972 quanta
677 889 912 952 consideratione
938 885 1115 969 cognoseatt
1138 885 1265 967 qualiter
1291 885 1394 946 etiam

273 989 423 1047 ministros
443 983 499 1044 sibi
519 984 685 1064 suppositos
706 1001 811 1064 regere
834 981 951 1055 debeat,
971 999 1058 1060 quam
1077 999 1150 1060 pura
1171 979 1259 1039 etiam
1278 977 1393 1038 Inten-

273 1082 358 1141 tione
378 1098 475 1140 sacros
494 1077 712 1137 Ecclesiasticus
734 1075 851 1135 ordines
872 1074 1055 1154 dispensare:
1076 1085 1107 1133 et
1126 1093 1184 1154 qua
1200 1073 1392 1133 discretione

222 1167 227 1184 ¹
275 1157 369 1254 ligare
389 1170 435 1234 rel
446 1167 568 1231 solvere
586 1163 723 1230 subditos
742 1161 856 1228 debeat.
899 1167 946 1227 De
967 1165 1072 1246 quibus
1092 1165 1228 1248 legibus
1219 1187 1250 1225 ιιι
1270 1165 1392 1227 eisdem

274 1265 414 1344 seriptum
435 1259 479 1324 est
497 1265 552 1324 ita:
572 1263 664 1324 Nolle
676 1260 820 1337 ιαοιιιιοιι
836 1281 904 1320 suos
915 1261 1000 1322 trees
1013 1259 1145 1323 Gotones
1162 1261 1393 1337 ιειιοιαιιμιιι

273 1361 426 1438 prsicqssom
436 1353 555 1439 soom,
574 1355 653 1436 quod
664 1369 784 1430 poterim
803 1358 897 1431 possit
920 1352 1029 1430 segni&
1052 1350 1175 1418 obviem.
1221 1353 1299 1437 Qrss'u
1324 1375 1393 1414 nors

273 1455 368 1511 minus
385 1453 417 1508 irs
434 1464 601 1510 soenorum
628 1445 814 1508 noditioesum
837 1445 1015 1528 delinquitur·
1036 1450 1213 1522 ιιιιιιιίοιιιι,
1238 1469 1329 1528 quum
1354 1451 1390 1506 ιἰι

179 1557 189 1576 “
244 1600 248 1608 ,
278 1543 514 1620 ipsiusDomini
531 1545 670 1602 iniuriam
683 1542 846 1617 prosilitur.
871 1537 979 1618 ‘Quod
999 1541 1057 1602 tale
1079 1531 1229 1621 est,'quia,
1247 1552 1280 1599 ut
1299 1559 1390 1600 saera

275 1647 421 1698 monstrnt
441 1635 610 1711 auctoritas,
631 1646 756 1717 cognata
777 1647 844 1694 sunt
863 1633 984 1696 schisma
1005 1646 1036 1695 et
1054 1633 1197 1710 haeresis,
1222 1633 1298 1694 acsi
1320 1633 1390 1694 aliis

183 1779 185 1787 s
274 1729 372 1792 verbis
393 1728 520 1788 dicatur:
554 1729 624 1788 Non
651 1728 747 1788 minus
769 1725 973 1790 schismaticus
994 1727 1151 1807 delinquit,
1172 1749 1238 1787 cum
1256 1747 1388 1806 praeva-

234 1856 238 1866 =
274 1825 420 1886 nicatione
440 1832 604 1882 sanctarum
623 1819 789 1902 regularum
809 1839 863 1900 per
883 1831 1063 1880 contemtum
1082 1817 1113 1882 s'e
1134 1819 1170 1882 ab
1188 1820 1300 1880 unitate
1313 1841 1389 1881 san-

275 1929 340 1980 ctae
358 1915 522 1990 Ecclesiae,
542 1933 615 1994 quae
636 1915 743 1992 e'orpus
764 1912 874 1975 Christi
895 1925 948 1988 est,
968 1914 1081 1990 dividit,
1101 1909 1194 1994 quam'
1206 1915 1389 1992 haereticus,

275 2012 326 2092 qni
347 2012 383 2070 de
403 2011 483 2083 Deo,
503 2007 608 2092 capite
617 2003 782 2067 videlicet
772 2007 861 2088 ipsius
881 2004 1044 2086 Ecclesiae,
1064 2007 1139 2068 male
1158 2007 1256 2068 sentit.

330 2103 417 2162 VIII.
461 2101 502 2160 Et
527 2101 602 2160 sicut
625 2096 804 2160 dictumest
828 2099 864 2160 de
890 2098 1006 2181 legibus
1038 2101 1264 2177 Ecclesiastico,
1297 2101 1442 2180 quod

274 2196 349 2256 nulli
367 2195 513 2256 sacerdoti
532 2213 599 2253 suos
619 2192 706 2252 liceat
724 2211 852 2252 canones
864 2191 1014 2274 ignorare,
1033 2213 1089 2254 nec
1104 2194 1256 2274 quicquam
1269 2193 1389 2272 faeere,
1441 2175 1442 2250 l

274 2288 355 2368 quod
373 2287 494 2348 Patrum
513 2285 607 2366 possit
625 2285 734 2368 regulis
754 2285 889 2346 obviare:
910 2286 951 2346 ita
971 2285 1086 2367 legibus
1112 2287 1199 2348 sacris
1223 2286 1384 2347 decretum

274 2394 329 2456 est,
349 2392 382 2440 ut
400 2381 481 2462 leges
501 2379 615 2440 nescire
635 2378 709 2438 nulli
729 2378 834 2453 liceat,
866 2390 917 2438 aut
936 2399 1011 2458 quae
1033 2390 1102 2438 sunt
1120 2391 1241 2454 statuta,
1272 2390 1387 2440 conte-

272 2491 384 2533 mnere.
425 2471 500 2532 Cum
522 2471 601 2531 enim
621 2471 742 2546 dieitur,
772 2470 844 2530 nulli
871 2470 958 2532 liceat
978 2471 1057 2554 leges
1082 2472 1213 2549 nescire,
1231 2471 1278 2533 vel
1300 2493 1383 2550 quae

273 2575 341 2628 suut
366 2574 489 2640 statuta,
517 2574 724 2640 contemnere,
757 2563 837 2626 nulla
862 2571 989 2644 persona
1013 2566 1045 2624 in
1072 2567 1248 2646 quoeunque
1274 2564 1385 2624 ordine

273 2660 423 2720 mundano
444 2656 603 2737 excipitur,
632 2678 707 2736 quae
727 2658 781 2718 hac
801 2659 949 2717 sententia
967 2678 1031 2718 non
1052 2659 1278 2742 constringatur.
1316 2659 1385 2717 Ha·
1440 2717 1441 2726 ,

275 2749 350 2811 bent
369 2752 447 2812 enim
467 2751 567 2858 Reges
585 2747 616 2810 el
634 2750 826 2830 Reipublicae
845 2750 971 2812 ministri
996 2751 1093 2832 leges,
1120 2752 1259 2831 quibus
1249 2771 1280 2810 m
1304 2771 1385 2830 quu—
1440 2809 1441 2812 ,

275 2865 390 2923 cunque
410 2842 562 2923 provincia
583 2843 723 2942 degentes
742 2863 849 2924 regere
869 2843 989 2904 debent.
1019 2845 1139 2906 Habent
1150 2844 1275 2926 capetulo
1288 2842 1384 2903 Chri-

273 2937 434 2997 stianorum
454 2936 570 3020 Regum
590 2955 624 2996 ac
643 2920 869 3016 progenitorum
888 2957 1023 3014 suorum,
1049 2959 1124 3018 quae
1149 2936 1280 3020 generali
1302 2955 1384 2994 eon-

199 3037 201 3047 ‘
275 3049 363 3090 sensu
382 3029 512 3090 fidelium
531 3049 651 3089 suorum
671 3041 773 3090 tenere
795 3030 931 3113 legaliter
950 3033 1220 3115 promulgaverunt.
1250 3029 1296 3088 De
1311 3028 1384 3107 qui-

275 3121 384 3183 busli
404 3122 585 3216 Augustinus
606 3122 686 3196 dicis,
707 3123 774 3202 quia
793 3123 858 3184 licet
875 3120 1002 3184 bomiscos
1025 3123 1061 3186 de
1083 3123 1128 3186 dis
1150 3123 1385 3198 redierunt-um

271 3225 330 3278 eus.
339 3219 505 3293 emmau,
531 3227 627 3274 tontes»
649 3235 714 3274 mm
729 3217 852 3297 flaccius
875 3220 1020 3278 institutos
1045 3219 1294 3300 sequestremus,
1319 3237 1385 3276 nou
1440 3261 1441 3292 ,

271 3307 364 3370 lioade't
381 3307 522 3370 dudleibus
541 3305 666 3385 deipsis
684 3304 823 3385 iudicare,
842 3299 894 3372 sed
910 3311 1102 3374 secundom
1090 3333 1179 3414 ursos.

329 3401 403 3460 ΙΧ.Ι
420 3402 516 3464 Multo
536 3401 632 3462 minus
652 3411 749 3461 autem
767 3404 833 3485 regi
857 3405 905 3468 vel
930 3406 1085 3472 cuilibet
1076 3427 1107 3465 ru
1127 3421 1302 3485 quocunque
1329 3421 1385 3462 or·

273 3489 344 3550 dine
365 3501 469 3550 eontra
488 3492 570 3572 leges
591 3493 701 3554 divinas
720 3493 791 3555 lieet
804 3518 893 3580 agere
904 3519 959 3580 per
969 3510 1158 3561 contemtum
1188 3497 1272 3556 Unde
1291 3493 1383 3573 prin-

272 3581 332 3662 cipi
351 3594 449 3644 terrae
468 3604 651 3664 magnopere
675 3586 890 3664 providendum
916 3603 1004 3672 atque
1031 3593 1191 3654 cavendum
1212 3601 1269 3664 est,
1287 3605 1326 3646 ne
1351 3587 1385 3646 in

273 3673 319 3734 bis
337 3675 420 3736 Deus
441 3677 628 3754 offendatur,
652 3699 708 3758 per
732 3699 820 3756 quos
831 3683 938 3766 religio
959 3683 1127 3746 Christiana
1147 3685 1303 3744 consistere
1325 3682 1385 3741 de-

272 3763 335 3842 bet,
354 3778 385 3827 et
406 3771 516 3831 caeteri
535 3769 572 3831 ab
600 3770 769 3832 ofsensione
795 3775 908 3838 salvari.
951 3779 992 3840 Et
1010 3777 1096 3854 ideo,
1121 3777 1208 3869 quia
1208 3796 1254 3835 rcs
1269 3772 1385 3834 Eccle-

256 3848 398 3922 'siastieas
419 3862 519 3924 divino
539 3865 648 3925 iudicio
668 3867 792 3926 tuendas
819 3879 850 3929 et
869 3869 1061 3932 defensandos
1085 3858 1213 3950 suscepit
1235 3885 1385 3928 consensu

271 3951 332 4015 eius
359 3951 517 4016 electione
533 3956 616 4019 Cleri
642 3979 676 4019 ac
702 3959 816 4039 plebis,
848 3973 880 4022 et
910 3963 1128 4069 approbatione
1158 3961 1384 4044 Episcoporum

270 4047 452 4125 provinoise,
474 4049 596 4130 quisque
616 4053 653 4113 ad
679 4053 918 4116 Ecclesiasticum
943 4055 1077 4136 regimen
1105 4055 1217 4134 ubsque
1242 4053 1300 4114 ulla
1326 4075 1384 4114 ve-

264 4140 390 4204 nalitate
417 4141 542 4222 provehi
571 4141 672 4204 debet:
705 4147 788 4225 quia,
811 4145 888 4209 ¹sient
912 4147 1057 4210 Dominus
1083 4148 1115 4206 in
1139 4147 1302 4230 Evangelio
1331 4147 1382 4206 di-

270 4230 324 4290 cit:
343 4238 415 4311 quio
432 4257 493 4296 nors
510 4237 601 4298 imm
614 4259 672 4313 per
690 4243 793 4299 οιιὶιιιιι
811 4244 844 4299 ιιι
861 4239 934 4302 nvllo
952 4244 1057 4316 ovisms,
1076 4239 1266 4302 sedosoeudit
1280 4237 1382 4302 olicus·

269 4318 321 4398 de,
344 4325 396 4384 ι’Πο
405 4329 471 4408 fio·
492 4343 535 4390 ιιι
557 4343 584 4391 ιι
607 4331 694 4392 ludio
743 4332 955 4395 Ecclesiasticis
980 4335 1088 4418 regulis
1113 4335 1177 4395 sine
1202 4333 1380 4396 difficultate

270 4415 446 4480 omnimodis
476 4421 559 4484 tabit
589 4423 738 4490 ferere
714 4445 739 4484 ιι
769 4443 832 4488 ιιι
860 4426 925 4489 vult
947 4447 1050 4511 regern
1079 4449 1183 4510 regum
1210 4428 1381 4492 ostendere.
