2960 5094
807 449 865 519 aa
1137 543 1143 571 ·

288 611 442 696 Adalgis'us
467 627 521 691 per
545 601 662 669 insidias
683 608 867 671 Graecormu
893 606 1105 686 nort·aliquam
1130 605 1217 668 nobis
1243 607 1391 690 vobisque

289 702 548 764 conturbationem
567 701 666 763 lacere
686 701 834 776 moliatur,
854 700 921 780 quia
941 701 998 761 iam
1018 701 1089 761 dicti
1100 699 1182 761 Missi
1203 699 1391 764 Graecorum
1475 765 1476 768 ,

288 817 354 860 cum
388 817 425 858 eo
441 807 514 859 ‘esse
539 809 714 872 noscuntur,
747 807 779 856 et
805 793 854 854 alii
879 793 910 852 ln
934 793 1061 874 Neapoli
1080 795 1216 856 residere
1240 795 1392 858 videntur.
1475 843 1476 868 ,

286 892 347 951 Sed
366 891 439 952 haec
460 889 670 968 existimantes,
689 891 719 950 in
739 900 837 950 uestro
856 887 1059 948 robustissimo
1079 899 1168 970 atque
1189 911 1205 950 a
1224 887 1293 951 Deo
1314 911 1395 972 pro-
1475 871 1476 894 ¹

285 995 368 1045 tecto
394 985 487 1068 regali
512 984 634 1046 arbitrio
661 981 806 1043 emisimus
832 983 1051 1062 pertractanda:
1086 995 1119 1042 ut
1150 983 1277 1064 qualiter
1301 985 1391 1046 vobis

196 1125 202 1130 .
285 1077 440 1158 placuerit,
460 1077 617 1160 disponere
637 1073 773 1136 celeriter
793 1075 942 1158 dignetur,
962 1075 1049 1137 nobis
1069 1075 1232 1138 intimando
1253 1097 1392 1159 persuos

285 1172 399 1256 regales
420 1171 525 1232 aflatus
545 1187 623 1231 suam
644 1179 834 1246 nostramque
854 1167 1016 1245 securitatis
1035 1171 1167 1232 salutem.

364 1266 556 1346 Quapropter
575 1261 659 1322 nimis
679 1271 851 1341 poscentes,
864 1279 1047 1340 -quaesumus
1067 1275 1192 1324 vestram
1212 1263 1392 1344 praerectis-

285 1359 387 1419 simam
409 1353 715 1440 [praecclsissimami']
736 1353 946 1414 Excellentiam
966 1367 999 1415 ut
1018 1355 1101 1416 nullo
1121 1358 1213 1417 modo
1232 1376 1289 1436 pro
1302 1374 1392 1417 causa

286 1451 450 1512 Grimualdi
474 1449 527 1509 lilii
546 1447 671 1507 Arichisi
692 1445 813 1506 credere
833 1447 897 1526 plus
918 1448 1053 1528 cuiquam
1073 1449 1197 1512 iubentis
1224 1469 1310 1530 quarn
1330 1469 1393 1510 no-

284 1544 339 1605 bis.
377 1545 452 1605 Nam
471 1561 526 1622 pro
547 1552 629 1601 certo
650 1540 744 1602 sciatis
765 1539 843 1620 quia,
863 1541 887 1600 si
906 1541 1001 1621 ipsum
1022 1542 1226 1604 Grimualdum
1245 1543 1392 1602 inBenc-

283 1647 403 1700 ventum
433 1633 583 1710 miseritis,
618 1633 731 1694 Italiam
769 1633 833 1694 sine
864 1633 1095 1697 conturbatione
1126 1635 1238 1697 habere
1266 1635 1392 1695 minime

283 1729 422 1812 potestis,
454 1747 490 1787 co
518 1727 605 1809 quod.
622 1719 685 1788 Leo
712 1725 877 1807 Episcopus
909 1739 1021 1788 secreta
1046 1729 1133 1789 nobis
1160 1731 1201 1790 sic
1226 1729 1303 1790 satus
1329 1741 1390 1789 est:

286 1823 367 1906 Qum
377 1819 546 1898 Adaldergn
564 1821 665 1881 relicto
681 1817 809 1896 Artgtts
827 1819 885 1880 tulo
901 1817 984 1880 dedet
1002 1821 1163 1894 seruilium,
1184 1837 1216 1882 ut
1234 1821 1303 1883 dum
1326 1826 1392 1900 ipse

288 1913 479 1978 Grimunldus
489 1915 578 1995 filios
596 1919 658 1975 es'os
670 1913 888 1976 Beneventanos
903 1917 980 1992 fines
997 1918 1149 1991 introierit,
1177 1919 1322 1992 ingeniose
1337 1939 1392 1977 ou-

280 2013 325 2087 pit
348 2007 422 2069 duas
435 2009 524 2089 filias
541 2029 610 2068 mens
628 2027 722 2067 seeum
741 2005 874 2090 dfferre,
898 2023 925 2069 et
943 2011 1028 2088 quusi
1046 2009 1186 2068 orationis
1209 2029 1388 2096 consoson-

281 2117 358 2164 πίνω
376 2101 525 2184 Angelum
542 2105 573 2160 irs
597 2101 769 2177 Gorganmn
783 2123 915 2179 pergere,
935 2115 961 2162 et
980 2099 1082 2162 deinde
1099 2103 1131 2160 iro
1143 2101 1319 2178 Tarentum,
1338 2102 1392 2162 ott

282 2193 520 2274 tltesnurossuos
543 2193 704 2256 reconditos
727 2191 824 2270 dedet,
850 2199 919 2274 quies
937 2209 1048 2253 rentum
1066 2195 1211 2267 omagium
1228 2193 1323 2254 millia
1340 2194 1387 2254 dt-
1473 2215 1474 2220 ¹

284 2303 362 2350 steort
372 2311 392 2350 o
403 2303 501 2350 sarcio
512 2292 624 2367 Angelo
643 2289 732 2370 respue
748 2291 921 2347 Tarentum.
960 2285 1021 2345 Sed
1042 2285 1072 2344 in
1093 2283 1150 2346 hoc
1162 2287 1281 2348 minime
1291 2297 1388 2348 vestra

283 2403 299 2444 a
319 2381 387 2444 Deo
408 2383 740 2463 promotaExcellentia
762 2379 950 2440 considerare
972 2377 1088 2453 debeat,
1109 2381 1189 2458 quod
1208 2401 1264 2460 pro
1285 2393 1386 2441 nostra

119 2533 123 2550 ,
180 2519 184 2528 ,
282 2469 419 2536 aviditate
445 2474 520 2551 ipsas
548 2474 678 2533 civitates
705 2471 880 2552 adquirendi
908 2491 977 2552 quas
1003 2471 1038 2530 ll.
1063 2471 1154 2533 Petro
1180 2473 1329 2554 Apostolo
1356 2487 1386 2534 et

281 2565 369 2626 nobis
390 2563 595 2639 condonastis,
615 2564 789 2626 tatiafvobis
809 2565 957 2626 insinuare
977 2565 1150 2626 studuimus:
1177 2567 1228 2627 sed
1248 2587 1304 2650 pro
1321 2581 1386 2628 ma'-
1473 2547 1474 2576 r

282 2677 341 2742 gna
365 2656 521 2718 securitate
546 2670 664 2718 sanctae
683 2657 743 2720 Dei
763 2659 935 2721 Catholicae
962 2672 993 2720 et
1017 2659 1208 2740 Apostolicae
1233 2659 1386 2722 Romanae

282 2751 450 2825 Ecclesiae,
476 2757 564 2829 atque
584 2763 698 2812 restrae
723 2753 889 2836 praecelsae
908 2752 1015 2836 regalis
1035 2751 1229 2816 Exultationis
1249 2754 1385 2830 victoria,

284 2863 403 2923 eaquae
418 2843 578 2904 audirimus
591 2856 621 2904 et
634 2865 796 2927 agnoscere
809 2847 968 2927 potuimus,
987 2848 1091 2908 vestris
1107 2845 1255 2930 regalibus
1266 2849 1386 2910 auribus

282 2937 430 2998 insinuare
441 2935 523 2996 nullo
535 2938 624 2998 modo
636 2939 824 3022 negleximus.
844 2941 949 3002 Vestra
962 2963 1081 3022 quoque
1092 2941 1198 3024 regalis
1204 2941 1385 3002 ll‘xcellentia

283 3029 409 3110 qualiter
427 3030 456 3090 ei
472 3029 626 3110 placuerit,
647 3044 677 3092 et
692 3046 792 3114 aptum
808 3035 1003 3115 prospexerit,
1022 3036 1054 3094 iu
1068 3035 1203 3095 omnihus
1222 3035 1266 3094 his
1282 3033 1386 3114 dispo-

281 3143 354 3185 nere
366 3123 530 3204 providcat.
552 3123 745 3206 Quapropter
753 3148 937 3210 magnopere
950 3140 1106 3207 poscentes
1116 3140 1241 3190 vestram
1254 3129 1383 3189 clemen-

276 3216 417 3278 ¹tissimam
436 3216 566 3298 regalem
577 3217 830 3297 Benevolentiam,
851 3241 1022 3301 quaesumus
1041 3231 1073 3280 ut
1091 3241 1146 3301 pro
1164 3242 1264 3282 amore
1282 3221 1382 3282 lauto-

281 3313 321 3370 ris
338 3311 430 3371 uestri
448 3311 482 3369 B.
497 3309 579 3371 Petri
598 3311 738 3396 clavigeri
753 3315 841 3398 regni
861 3314 1018 3391 caelorum,
1038 3325 1198 3396 nostraque
1217 3313 1383 3398 in‘Christo

282 3401 406 3480 spiritali
426 3411 547 3480 paterna
568 3404 739 3485 dilectione,
759 3409 896 3473 celeriter
915 3419 1002 3487 atque
1018 3409 1183 3490 specialiter
1202 3427 1256 3484 per
1264 3419 1382 3484 uestros

277 3491 396 3576 regales
420 3491 611 3554 honorabiles
637 3499 733 3575 apices
753 3503 848 3560 Missis
871 3502 983 3566 vestris,
1000 3502 1127 3580 dirigere
1147 3498 1325 3580 dignemini,
1350 3516 1384 3564 ut
1473 3509 1474 3516 ’

282 3584 365 3646 nullo
392 3583 482 3644 modo
508 3587 545 3646 ad
564 3605 616 3647 vos
635 3609 766 3652 remeare
793 3593 933 3669 audeant,
958 3592 1013 3652 nisi
1032 3592 1111 3672 prius
1135 3589 1188 3652 suh
1210 3591 1381 3678 integritate

282 3677 414 3740 civitates
433 3677 464 3736 in
484 3677 616 3759 partibus
636 3681 869 3761 Beneventanis,
891 3685 966 3747 sicut
986 3705 1033 3745 eas
1054 3705 1109 3765 per
1126 3695 1251 3750 vestram
1270 3709 1381 3750 sacram
1475 3753 1476 3776 ἦ

282 3769 464 3832 oblationem
482 3774 516 3833 Β.
536 3773 628 3836 Petro
647 3777 795 3856 Apostolo
821 3789 851 3839 et
872 3777 961 3839 nobis
981 3775 1160 3860 contulistis,
1185 3779 1218 3840 in
1243 3783 1380 3849 omnibus
1475 3777 1476 3794 ¹

282 3865 456 3926 contradere
468 3867 592 3944 valeant,
612 3881 642 3930 et
651 3870 771 3932 iustitias
784 3873 819 3932 de
831 3871 1001 3950 Populonio
1012 3875 1043 3933 'et
1054 3875 1180 3940 Rosellis
1191 3876 1222 3956 ¹)
1234 3881 1320 3956 nobis
1333 3880 1379 3958 fa7
1475 3885 1476 3900 ¹

283 3978 350 4018 cere
374 3957 428 4018 sub
454 3957 623 4042 integritate
648 3965 796 4024 sordeant:
827 3965 893 4044 quia
919 3965 987 4026 sun't
1011 3967 1060 4029 alii
1087 3991 1120 4030 ex
1146 3969 1243 4033 Missis
1264 3973 1379 4052 vestris,

282 4051 332 4129 qui
353 4063 542 4132 contemnere
561 4057 726 4134 moliuntur
743 4069 773 4118 et
784 4057 904 4119 foedare
924 4073 1049 4123 vestram
1059 4075 1168 4125 sacram
1186 4065 1379 4128 oblationem.
1475 4133 1476 4148 ,

282 4141 342 4204 Se'd
361 4139 437 4204 sicut
459 4147 489 4236 in
510 4150 641 4227 partibus
661 4149 786 4212 Tusciae
806 4151 953 4230 ciuitates,
978 4155 1008 4215 id
1029 4167 1073 4218 est
1092 4159 1235 4238 Suauam,
1265 4161 1379 4234 'Tusca‘-

207 4313 211 4320 Ι
280 4231 359 4311 narri,
377 4237 539 4317 Bitcrnum,
560 4241 739 4304 etBalneum
754 4245 854 4327 Regis,
874 4259 1043 4329 ceterasque
1063 4251 1288 4332 civitates„cum
1309 4253 1379 4316 lini-
1475 4257 1476 4262 ’

281 4325 335 4387 bus
357 4340 386 4388 et
404 4332 559 4394 territoriis
579 4357 692 4412 eorum,
710 4339 744 4397 B.
765 4337 856 4400 Petro
878 4341 1039 4405 offerentes
1060 4347 1260 4420 condonastis;
1284 4349 1325 4428 ita
1345 4349 1378 4410 in
1475 4361 1476 4390 ³

322 4453 343 4505 Ι)
357 4451 474 4504 Rusellial
498 4459 597 4506 tretttea
608 4463 680 4510 notun
696 4478 719 4514 as
731 4465 789 4522 ietzt
802 4465 1038 4524 Ippo'ls'tt'lloselliri.
