2900 5086
99 607 182 668 riuus
208 618 237 666 er
261 577 366 688 popul
386 605 545 666 classant
564 605 756 682 nectentes,
784 605 930 685 notasque
956 607 1090 668 omissus
1115 611 1196 688 paci.
1261 643 1262 652 ι

99 703 161 762 heo
190 701 386 760 unanimitatis
416 700 509 760 choro
540 698 775 775 considentibus,
812 699 995 779 eundemque
1024 700 1156 762 libellum
1181 725 1198 764 a
1284 703 1290 716 ⁸

99 795 198 876 capite
218 795 298 855 calce
317 796 401 852 tenus
420 813 475 872 per
495 792 696 852 distinctiones
714 793 940 900 uniuscuiusque
958 794 1136 869 sententiae,
1168 807 1199 856 et
1234 791 1237 801 ’
1290 821 1294 826 ·

100 910 158 968 per
177 881 424 996 interrogationes
446 897 476 946 et
494 885 719 981 responsiones,
744 899 834 965 prout
853 887 956 966 cuique
976 885 1074 976 libuit,
1099 888 1198 968 perle-

98 1003 174 1062 gere
194 981 333 1040 iussimus.
375 979 455 1052 Quid
475 1000 545 1040 vero
571 980 607 1038 de
632 977 685 1038 illo
711 965 814 1039 libello'
832 979 983 1040 Praesnles
1002 969 1198 1041 Ecclesiarum
1223 1045 1229 1066 Ι
1319 1025 1330 1068 3

99 1073 229 1147 Christi,
258 1071 401 1151 Fideiqne
436 1069 607 1132 Catholicae
632 1071 779 1132 Doctores
810 1071 1034 1147 intellexissent,
1064 1073 1126 1133 non
1155 1085 1200 1133 est

98 1189 176 1247 opus
195 1165 295 1224 mihi
286 1187 315 1224 ιιι
335 1164 389 1225 hac
407 1185 473 1224 mea
492 1165 599 1225 iterare
620 1165 754 1245 epistola,
772 1166 840 1226 duna
859 1165 976 1225 illorum
998 1165 1113 1258 libellus
1126 1187 1198 1247 pro-

96 1261 181 1339 prius
201 1259 259 1318 hoc
277 1257 362 1319 vobis
382 1258 531 1318 evidenter
550 1260 731 1320 ostendet.

160 1361 207 1416 1.1
246 1351 423 1431 Scriptum
413 1363 512 1430 1taqne
531 1351 562 1410 in
583 1352 707 1432 epistola
722 1361 817 1412 vestra
837 1350 1201 1412 huiusmodiobsecratio-

99 1465 171 1503 nem
192 1443 367 1512 invenimus:
393 1444 545 1507 Pascentes
561 1467 611 1506 vos
624 1467 683 1521 per·
700 1467 781 1520 eum,
801 1447 851 1524 qui
863 1456 923 1520 pr'o
941 1459 968 1503 te
985 1448 1017 1503 ιἰι
1036 1465 1119 1505 cauce
1137 1469 1201 1506 mu·
1256 1432 1259 1450 ¹

98 1559 158 1597 nus
175 1539 314 1596 innoxius
333 1535 475 1612 escendit,
500 1551 527 1596 et
539 1559 598 1613 pro
617 1553 644 1598 te
659 1540 834 1614 -ιιιιιὲιιίιιιιιι
847 1541 1005 1613 maiomam
1023 1535 1144 1620 effitdu,
1175 1554 1202 1610 et

98 1652 159 1708 pro
177 1645 203 1689 te
221 1645 339 1690 anunm
356 1630 473 1704 emolit
490 1643 516 1688 at
526 1631 712 1708 ιφιιῖιιιιιιιιι,
733 1630 775 1691 ud
784 1629 963 1691 liberandum
981 1630 1081 1691 elaetos
1099 1631 1141 1691 ad
1156 1635 1202 1692 in-

92 1727 224 1808 famem
249 1721 404 1796 descendit,
430 1737 456 1781 et
476 1743 536 1798 pro
558 1737 585 1782 te
602 1745 755 1800 resurgens
777 1723 921 1784 tilleium
939 1722 982 1782 ud
997 1724 1091 1784 coelos
1106 1747 1202 1784 rever-

100 1816 191 1891 tendi,
209 1817 314 1875 seilicet
332 1814 374 1875 nd
390 1817 535 1876 coelestem
547 1821 693 1891 putrium,
714 1817 924 1892 demonstrauit,
946 1832 977 1875 ιιι
994 1840 1048 1892 per
1065 1831 1092 1877 te
1109 1821 1204 1894 ipsum

101 1909 211 1971 arbiter
238 1907 352 1982 sedens,
379 1924 428 1968 etc.
473 1911 551 1970 Ecce
584 1931 641 1991 ego
671 1912 780 1970 vestris
799 1910 991 1990 petitionibus
1015 1911 1220 1988 satisfaciens,

104 2001 332 2084 congregationi
352 2001 544 2062 Sacerdotem
569 2003 686 2062 auditor
711 2014 741 2062 et
764 2003 874 2063 arbiter
901 2002 1008 2062 adsedi.
1051 1997 1205 2064 Discerni-

102 2098 216 2171 nimus,
249 2105 280 2153 et
297 2095 364 2153 Deo
385 2095 515 2155 donante
536 2095 730 2170 decrevimus,
760 2095 829 2174 quid
856 2108 931 2156 esset
951 2094 1060 2156 dehac
1080 2097 1205 2176 inquisi-

102 2190 190 2250 tione
216 2187 337 2246 firmiter
360 2189 535 2260 tenendum;
566 2189 617 2248 sed
636 2189 727 2247 modo
751 2209 806 2268 per
827 2190 950 2252 eandem
970 2189 1206 2248 obsecrationem

102 2304 159 2344 vos
178 2283 283 2340 iterum
303 2291 391 2359 atque
410 2281 516 2340 iterum
536 2282 685 2355 obtestor,
716 2292 753 2340 ιιι
774 2283 805 2340 in
823 2282 945 2360 pacifica
965 2281 1156 2339 unanimitate
1177 2291 1208 2338 et
1265 2345 1267 2356 ⁴

105 2373 281 2434 Catholicae
300 2374 383 2434 Fidei
408 2373 609 2452 professione,
635 2375 789 2435 nobiscum
814 2376 938 2434 firmiter
962 2372 1120 2446 maneatis,
1150 2391 1208 2430 nec

105 2460 160 2528 v'os
185 2439 333 2526 doctiores
358 2466 525 2526 existimetis
553 2468 708 2529 universali
738 2479 837 2529 sancta
860 2469 920 2529 Dei
944 2465 1085 2528 Ecclesia.
1135 2464 1209 2522 Eam
1296 2503 1302 2521 .

105 2560 195 2620 fidem
219 2569 336 2634 tenete,
365 2579 452 2638 qnam
472 2558 638 2619 Orthodoxi
669 2573 767 2640 patres
797 2562 829 2620 in
859 2561 917 2622 suis
946 2559 1033 2618 nobis
1059 2555 1209 2638 Sy'mbolis

106 2652 245 2732 scriptam
264 2651 524 2735 reliquerunt²¹);
545 2664 575 2712 et
593 2653 687 2714 nolite
707 2653 771 2732 plus
790 2673 894 2734 sapere
915 2653 1000 2730 qnam
1021 2659 1143 2730 oportet
1163 2669 1209 2708 sa-

106 2761 190 2828 pere,
209 2745 261 2804 sed
279 2763 382 2824 sapere
402 2745 438 2803 ad
457 2745 662 2816 sobrietatem
687 2767 742 2806 nec
761 2745 958 2806 ratiocinandi
976 2743 1105 2802 hnmano
1124 2741 1210 2822 inge-

107 2839 162 2898 nio
184 2836 281 2896 divina
300 2856 353 2895 vos
372 2837 508 2914 mysteria
533 2837 710 2917 investigare
735 2838 935 2911 arbitremini,
965 2836 1017 2896 sed
1035 2835 1127 2918 magis
1146 2853 1212 2894 ere-

109 2928 209 2989 dendo
229 2927 388 3001 honorare,
408 2947 482 3005 quae
501 2928 626 2986 humana
646 2927 786 3008 fragilitas
805 2939 916 2988 temere
934 2928 1144 3006 perscrutando
1164 2927 1211 2984 in·
1234 2964 1237 2972 ι

107 3022 211 3085 venire
230 3026 297 3080 ιιοιι“
311 3017 398 3078 valet.

168 3122 216 3182 12.
255 3110 426 3191 Exemplum
459 3110 532 3170 mihi
564 3110 753 3171 Constantini
782 3111 973 3191 imperatoris
1010 3109 1213 3189 proposuistis,

111 3211 193 3273 cuius
212 3207 326 3266 initium
348 3204 463 3264 beatum
476 3206 621 3272 Isidorum
638 3203 768 3264 laudasse
790 3205 894 3279 dicitis,
915 3216 945 3263 et
964 3204 1052 3265 finem
1073 3201 1212 3262 doluisse:

113 3304 195 3412 quod
214 3321 253 3359 ne
271 3297 342 3357 mihi
362 3296 484 3370 accidat,
502 3317 557 3376 per
577 3297 722 3376 quendam
735 3298 858 3356 Beatum
871 3302 973 3376 (quem
991 3317 1047 3376 per
1063 3295 1214 3375 antiphra-

110 3397 157 3465 sin
178 3389 423 3500 cognominastis)
447 3389 577 3468 henigne
604 3389 737 3450 suadetis.
777 3391 858 3450 Hoc
853 3390 973 3465 etiam,
1005 3388 1101 3449 divina
1126 3389 1215 3448 mise-

112 3500 197 3552 rante
222 3486 332 3570 gratia,
357 3503 533 3565 praecavere
557 3494 675 3564 satago,
701 3503 764 3543 non
788 3483 823 3544 ab
850 3483 903 3543 illo
923 3483 1138 3558 tantummodo,
1162 3477 1216 3548 sed

114 3584 202 3645 etiam
228 3581 264 3640 ab
292 3577 444 3651 omnibus,
472 3575 522 3655 qui
549 3575 660 3655 aliquid
684 3588 782 3637 rectae
806 3578 875 3638 fidei
901 3576 1080 3637 contrarium
1107 3577 1215 3637 docere

112 3679 265 3739 videntur:
296 3673 465 3750 assiduaque
490 3667 651 3730 devotione
670 3671 768 3730 Deum
792 3672 947 3776 deposco,
964 3681 994 3729 et
1018 3679 1216 3760 quotcumque
1267 3693 1272 3700 ·

116 3793 151 3833 ex
176 3770 241 3830 hliis
266 3779 383 3830 sanctae
409 3761 508 3822 matris
539 3762 689 3824 Ecclesiae
713 3763 814 3839 valeo,
842 3762 947 3822 mihi
938 3784 969 3820 ιιι
992 3761 1047 3822 hac
1071 3765 1216 3843 petitione

117 3863 264 3923 adiutores
285 3878 436 3932 convoco,
456 3875 494 3916 ne
514 3877 561 3914 me
581 3856 700 3916 alicuius
719 3857 846 3917 verbosa
865 3855 1011 3949 adulatio,
1030 3856 1075 3918 vel
1096 3856 1215 3914 sraudu-
1250 3869 1260 3882 ¹

115 3958 196 4016 lenta
207 3953 334 4014 laudatio
347 3950 496 4030 decipiens
509 3971 523 4008 a
535 3948 580 4009 via
592 3950 721 4009 veritatis
733 3960 852 4024 avertat,
867 3947 981 4029 saepius
995 3970 1058 4009 cum
1066 3947 1217 4026 Propheta

118 4050 288 4108 decantans:
323 4047 465 4120 Corripiet
487 4065 532 4102 nte
555 4045 645 4102 iustus
668 4047 700 4102 ἰιι
717 4041 913 4104 misericordia
938 4058 964 4102 et
987 4038 1216 4118 increpatum,

118 4139 212 4201 oleum
230 4155 323 4199 autem
336 4141 496 4215 pecccuora‘s
514 4157 573 4198 ιιοιι
591 4123 746 4212 ιἰιιρίιιςιιιιι
763 4152 850 4213 caput
866 4134 1051 4212 meum22).'

175 4240 233 4299 13..
257 4234 323 4292 =Vos
342 4251 413 4293 vero
426 4229 579 4304 ,vobismet
597 4229 665 4306 ipsis
685 4241 795 4306 cavete,
815 4252 888 4311 quos
902 4250 954 4288 vos
966 4227 1097 4286 fraterno
1110 4247 1217 4286 monu-

122 4327 182 4402 istis
217 4341 334 4397 amore,
372 4333 564 4403 procurantes
594 4321 829 4402 diligentissime,
865 4319 1133 4399 omnipotentisque
1159 4321 1218 4380 Dei

121 4421 205 4482 vohis
236 4417 353 4482 assiduis
384 4413 520 4497 precihus
550 4413 802 4480 clementissimam
828 4425 990 4481 convocate
1014 4413 1151 4495 gratiam,
1179 4435 1217 4482 ne
