2890 5092
703 447 708 452 “
776 411 905 528 oso

279 623 487 683 mundanarum
511 635 608 677 rerum
634 613 769 676 omnibus
793 612 887 674 modis
914 610 1060 678 devitent,
1096 583 1176 686 quia
1192 605 1317 666 avaritia
1339 607 1387 666 vel

281 703 515 823 concupiscenda
546 709 645 768 huius
661 707 762 766 mundi
795 703 929 765 omnibus
961 713 1005 762 est
1034 700 1168 762 evitanda
1195 697 1387 774 Christianis,

280 802 402 868 maxime
426 817 525 865 tamen
551 801 594 860 his
621 801 671 879 qui
696 774 806 859 mundo
833 808 863 857 et
879 793 1131 874 concupiscentiis
1160 792 1386 853 abrenuntiasse

281 903 425 964 videntur.
470 895 549 954 Lites
577 903 607 953 et
631 892 836 952 contentiones
862 907 1047 968 nequaquam
1071 905 1168 966 neque
1183 885 1265 945 ‘infra
1286 905 1386 992 neque

282 993 368 1054 loris
373 987 551 1050 monasterio
572 1005 693 1047 movero
713 993 908 1065 praesumant.
949 979 1010 1054 Qui
1031 990 1126 1040 autem
1145 977 1386 1060 praesumserint,

284 1083 450 1169 gravIssima
470 1077 620 1158 disciplina
640 1077 767 1160 regulari
788 1074 999 1154 corripiantur,
1023 1083 1056 1130 ut
1074 1071 1172 1132 taliter
1192 1070 1302 1132 caeteri
1322 1091 1385 1130 me-

257 1190 346 1236 ··tum
372 1172 498 1236 habeant
526 1171 594 1230 talia
622 1167 820 1252 perpetrandi.
870 1153 1082 1226 Ebrietatem
1078 1169 1111 1224 et
1140 1163 1384 1235 comessationem

215 1315 217 1320 -
285 1255 413 1330 omnllao
427 1265 552 1348 fugiant,
572 1263 639 1343 quia
658 1262 726 1322 inde
747 1260 869 1322 libidine
889 1257 1010 1318 maxime
1030 1257 1157 1337 polluari
1169 1256 1306 1317 omnibus
1328 1277 1384 1318 ιο-

283 1373 345 1423 tum
365 1371 416 1422 est.
453 1359 529 1418 Nam
547 1355 682 1438 pervenit
706 1354 742 1416 ad
761 1373 844 1414 aures
863 1363 977 1414 nostras
1002 1350 1105 1432 opinio
1125 1347 1382 1430 perniciosissima,

284 1456 317 1514 in
335 1451 533 1514 fornicatione
554 1462 583 1510 et
601 1448 819 1509 abominatione
835 1459 865 1508 et
875 1445 1056 1506 immunditia
1068 1443 1201 1503 multos
1192 1464 1249 1502 ram
1265 1443 1298 1502 in
1317 1463 1382 1502 mo-

201 1607 203 1618 ,
284 1546 419 1638 ιιιιιιιιίἰι
436 1562 499 1605 esse
520 1541 727 1622 deprehensos,
746 1541 868 1600 maxime
888 1538 1043 1599 contristat
1062 1547 1092 1595 ct
1112 1535 1281 1611 conturbat,
1302 1536 1380 1615 quod

284 1641 347 1699 sine
365 1639 489 1700 borrore
509 1655 617 1718 magno
638 1634 694 1694 dici
714 1647 775 1694 non
795 1631 904 1714 potest,
923 1643 956 1690 ut
974 1631 1043 1690 inde
1063 1627 1216 1688 maximam
1235 1649 1317 1708 spem
1336 1649 1380 1690 sa-

184 1751 187 1770 ¹
284 1731 351 1794 lutis
369 1717 522 1790 nmntbus
528 1727 700 1788 Christianis
720 1725 792 1784 οιίιι
812 1726 978 1801 crederent,
997 1724 1028 1784 id
1049 1733 1102 1798 est,
1122 1721 1228 1783 devita
1247 1731 1279 1782 et
1298 1721 1379 1782 casti-

283 1837 343 1884 tate
363 1820 626 1897 Monacborum‚
617 1841 647 1880 m
667 1830 780 1879 tanturn
799 1831 832 1878 ut
857 1817 959 1898 aliquis
984 1837 1016 1877 er
1035 1809 1189 1876 Monacbis
1215 1814 1380 1876 Sodomitas

285 1937 346 1976 esse
366 1916 502 1976 auditum.
541 1914 629 1974 Unde
650 1912 736 1996 ctiam
750 1931 892 2020 rogamus
914 1922 944 1971 et
964 1921 1160 1972 contestamur
1179 1920 1212 1969 ut
1224 1907 1378 1970 certissime

178 2065 181 2074 ,
286 1995 407 2102 amplius
429 2029 462 2068 ex
487 2007 531 2068 bis
555 2005 657 2094 diebus
678 2005 758 2065 omni
785 2004 916 2065 custodia
941 2025 971 2064 se
992 2025 1026 2064 cx
1044 1991 1088 2062 his
1107 2002 1190 2062 malis
1210 2019 1378 2062 conservare

285 2091 430 2190 studeant,
449 2105 487 2182 ut
496 2079 650 2182 nunquam
671 2098 792 2178 amplius
816 2095 875 2157 tale
896 2095 966 2176 quid
986 2095 1022 2156 ad
1042 2108 1155 2158 nostras
1175 2113 1258 2165 aures
1278 2113 1378 2174 perve-

285 2193 356 2253 niat.
402 2195 441 2253 Et
458 2172 517 2253 lioc
543 2191 678 2252 omnibus
702 2194 806 2252 notum
826 2191 877 2266 sit,
906 2189 973 2270 quia
1001 2188 1165 2249 nullatenus
1184 2187 1288 2248 iniusta
1308 2187 1378 2247 mala

285 2285 317 2346 in‘
336 2285 418 2346 nullo
438 2287 507 2346 loco
527 2285 678 2378 amplius'
669 2307 700 2352 m
720 2296 787 2345 ιοιο
809 2305 903 2366 regno
924 2295 1026 2344 nostro
1040 2282 1204 2344 consentire
1215 2281 1378 2352 audeamus,

279 2385 395 2490 quanto
413 2378 508 2471 miqus
527 2379 605 2438 inter
625 2397 675 2438 eos
697 2399 770 2458 quos
797 2377 935 2468 castitatis
961 2387 991 2435 et
1016 2375 1223 2436 sanctimoniae
1244 2375 1377 2436 emenda-

285 2467 376 2532 tibris
395 2491 455 2532 esse
467 2454 620 2549 cuplmus.
667 2467 757 2529 Certe
783 2469 910 2550 amplius
930 2468 1000 2548 quid
1020 2467 1084 2530 tale
1100 2468 1136 2527 ad
1161 2488 1243 2527 aures
1269 2479 1377 2528 nostras

230 2603 233 2610 -
287 2555 465 2646 pervenerit,
484 2581 547 2621 non
566 2561 690 2621 solum
680 2563 711 2621 ιιιΙ
733 2583 794 2638 eos,
814 2563 864 2622 sed
885 2562 971 2622 etiam
993 2561 1073 2622 etin
1093 2571 1224 2621 caeteros
1246 2583 1296 2640 qur
1288 2561 1377 2620 talia

286 2643 480 2728 consebtiant,
499 2653 587 2714 talem
607 2653 750 2716 ultionem
771 2655 924 2729 faciemus,
945 2663 986 2714 ιιι
1009 2649 1105 2714 nullus
1133 2651 1314 2715 Christianus
1333 2653 1377 2733 qui

285 2738 342 2810 boc
355 2747 488 2845 audierit,
498 2745 665 2806 nullatenus
676 2747 733 2807 tale
745 2747 813 2827 quid
825 2758 997 2828 perpetrare
1008 2741 1130 2828 amplius
1149 2745 1376 2828 praesumpserit

428 2925 431 2934 ¹
474 2902 511 2956 Ut
527 2903 685 2957 Monastcria
701 2903 847 2973 puellarum
864 2901 971 2955 tirmiter
988 2903 1119 2957 observata
1136 2903 1193 2958 nint.

341 3003 454 3063 XVIII.
492 3001 671 3064 Monasteria
691 3002 851 3087 puellarum
872 3001 994 3067 firmiter
1015 2991 1168 3066 observata
1187 3004 1261 3079 sint,
1282 3015 1312 3063 et
1329 3022 1376 3062 nc-

283 3117 429 3178 quaquam
449 3115 553 3176 vagare
573 3091 785 3171 sinantur,'sed
804 3089 869 3156 cum
890 3097 971 3156 omni
991 3097 1143 3180 diligentia
1163 3108 1377 3168 conserventur,

286 3182 382 3268 neque
402 3186 592 3270 litigationes,
612 3188 659 3248 vel
680 3189 887 3272 contentiones
907 3189 985 3248 inter
999 3211 1029 3250 se
1049 3211 1168 3252 movere
1188 3202 1377 3271 praesamant,

285 3273 384 3360 neque'
394 3275 433 3340 in
453 3277 536 3340 nullo
556 3280 701 3363 Magistris
729 3291 760 3340 et
778 3279 940 3342 Abbatissis
964 3281 1169 3344 inobedientes
1192 3282 1241 3343 vel
1266 3295 1376 3355 cqntra-

286 3373 347 3430 riae
366 3365 431 3430 lieri
451 3373 585 3432 audeant.
624 3373 686 3433 Ubi
706 3385 803 3434 autem
822 3373 971 3458 regulares
990 3387 1067 3450 sunt,
1085 3375 1207 3436 omnino
1225 3375 1377 3436 secundum

178 3456 182 3466 ⁴
285 3457 420 3542 regulam
442 3461 608 3522 observent
632 3466 702 3525 Non
722 3457 913 3527 fornicationi
934 3468 1059 3543 deditae,
1079 3489 1140 3528 non
1156 3468 1303 3544 ebrietati,
1321 3489 1377 3528 ιιοιι

261 3584 263 3591 ·
284 3551 441 3659 cupiditati
460 3554 636 3630 servientes,
662 3559 714 3617 sed
740 3559 915 3621 omnimodis
939 3561 1012 3622 iuste
1033 3571 1063 3620 et
1078 3559 1183 3626 sobrie
1197 3562 1306 3623 vivant.
1342 3565 1378 3624 Et

223 3633 226 3656 '
283 3657 318 3704 nt
334 3645 366 3704 in
382 3643 508 3706 'claustra
528 3647 580 3708 'vel
599 3651 807 3710 monasterium
831 3671 930 3711 earum
958 3653 1003 3714 vir
1022 3653 1116 3716 nullus
1136 3653 1240 3732 intret,
1272 3658 1327 3718 nisi
1345 3658 1378 3718 ad

284 3739 401 3802 Missam
420 3751 541 3816 tantum,
562 3751 592 3800 et
609 3743 707 3802 statim
725 3755 816 3804 exeat.
855 3745 895 3804 Et
914 3753 953 3805 ιιι1
965 3765 1052 3806 nemo
1064 3745 1181 3807 alterius
1196 3748 1284 3810 filiam
1303 3772 1378 3812 suam

202 3914 203 3922 ι
285 3832 316 3890 in
344 3833 607 3914 congregationem
626 3833 906 3897 ,Sanctimonialium
932 3839 1056 3918 recipiat
1075 3839 1183 3920 absque
1208 3843 1313 3904 notitia
1335 3844 1378 3905 vel

285 3922 519 3986 consideratione
545 3927 687 4007 Episcopi
712 3929 749 3989 ad
774 3931 853 3990 cuius
879 3931 1036 3990 dioecesim
1062 3934 1191 4012 pertinet
1215 3935 1296 3998 locus
1320 3937 1378 4006 illc;

287 4031 316 4079 et
335 4030 368 4078 ut
388 4017 449 4098 ipse
472 4017 629 4100 diligenter
650 4023 780 4100 exquirat
800 4021 952 4101 qualiter
943 4043 973 4080 ιιι
987 4023 1096 4085 Sancto
1110 4025 1168 4084 Der
1179 4029 1298 4088 servatio
1313 4053 1377 4112 per-

180 4147 183 4154 ·
231 4191 233 4198 ι
283 4107 403 4171 manere
422 4111 532 4190 cupiat,
552 4122 582 4171 et
601 4113 786 4182 stabilitatem
807 4135 886 4173 suam
906 4114 1015 4176 ibidem
1036 4116 1151 4177 firmare
1162 4119 1207 4179 vel
1221 4122 1377 4202 professio

228 4201 230 4210 ⁴
282 4224 359 4262 nem.
398 4203 531 4278 Ancillae
552 4215 647 4265 autem
668 4197 790 4264 alioruin
812 4194 978 4282 hominurn,
1003 4209 1050 4269 vel
1068 4187 1140 4271 tales
1161 4211 1286 4274 feminae
1301 4235 1376 4322 'quae

200 4359 205 4373 ι
282 4295 439 4355 secundum
458 4314 571 4356 morem
592 4298 857 4359 conversationis
847 4320 878 4357 m
898 4313 995 4361 sancta
1017 4300 1308 4410 Congregatione'
1279 4328 1374 4370 vrvcre

282 4385 398 4463 ιιοιιιιιι,
419 4409 520 4448 omnes
540 4387 667 4466 pleniter
687 4389 722 4450 de
744 4387 987 4474 Congregatione
1008 4395 1168 4458 eiiciantur.
