2900 5086
919 326 995 350 ⁸¹·

786 389 876 462 290
997 447 1001 454 .

276 555 450 625 nertbillnm
469 573 525 636 pro
545 553 767 634 opportunitate
786 551 1008 618 aesomnes
1026 552 1213 622 concedimus
1231 551 1282 614 rel
1306 573 1393 614 con-

274 653 432 728 fimamm,
450 652 508 712 boc
520 650 607 724 nolu's
623 645 837 730 proculdubio
852 647 891 710 ad
907 657 1056 713 aeternam
1075 644 1294 711 beatitudinem
1311 667 1391 727 per·

274 745 370 808 tinere
387 745 571 814 condidimus.
643 796 650 812 ,
727 779 734 798 =
778 801 780 806 .

330 837 426 920 Igitur
449 850 553 898 notum
580 835 619 896 sit
649 835 779 896 omnium
808 832 938 893 fidelium
969 844 1138 894 nostrorum
1166 833 1390 916 magnitudini,

272 931 470 1012 praesentium
489 929 601 991 scilieet
618 938 650 989 et
671 928 846 1001 futurorum,
866 925 993 1006 qualiter
1010 925 1205 987 concessimus
1222 927 1386 989 Autlando

235 1019 1385 1098 ,Ammmmfflmfflmwfflmmmmmmmm

271 1115 304 1176 in
323 1115 439 1177 bonum
457 1116 516 1176 uu
536 1113 750 1195 ornnipoteutis
769 1125 801 1174 et
821 1112 923 1176 Sancti
942 1111 1024 1175 Petri
1042 1111 1188 1192 Principis
1207 1112 1384 1192 Apostolo-

270 1193 336 1270 rum
360 1208 409 1270 rel
431 1219 615 1272 caeteronnn
640 1206 833 1282 Sanctorum,
865 1205 916 1268 ubi
942 1204 1045 1266 Smer·
1067 1205 1252 1270 baldemarus
1284 1220 1381 1288 atque

269 1301 407 1380 Beru'nus
420 1299 530 1362 Christi
542 1301 737 1364 Conlmsores
756 1319 885 1380 corpore
900 1297 1097 1380 requiescunt,
1115 1309 1149 1358 nt
1166 1319 1201 1360 ex
1212 1313 1318 1362 nostra
1329 1303 1379 1362 in-

155 1409 158 1420 ’
202 1455 208 1478 ,
269 1393 420 1476 dulgentia
438 1394 470 1454 in
490 1414 592 1455 eorum
609 1392 746 1473 ‚proprias
765 1392 851 1454 silvas
871 1381 1019 1455 licentiam
1036 1389 1181 1450 baberent
1195 1409 1302 1452 eorum
1311 1393 1378 1470 bo-

233 1515 239 1526 a
266 1487 361 1548 mines
379 1487 569 1550 venationem
589 1505 740 1561 eaercerc,
771 1487 850 1546 uude
869 1486 986 1546 Fratres
1006 1482 1242 1547 consolationem
1261 1485 1377 1548 babere

169 1649 173 1670 ,
266 1581 391 1662 possint,
409 1592 470 1640 tam
490 1581 527 1642 ad
545 1575 694 1642 volumina
711 1577 855 1639 librorum
875 1579 1015 1660 tegenda,
1033 1596 1178 1658 quamque
1197 1590 1228 1638 et
1242 1582 1374 1642 manicas

267 1685 299 1734 et
316 1674 354 1736 ad
372 1693 463 1734 nonas
482 1671 641 1748 incieudm,
657 1670 751 1734 salvas
771 1671 895 1732 forestes
914 1682 1039 1746 nostras,
1059 1673 1139 1751 quod
1159 1672 1196 1734 ad
1216 1694 1292 1754 opus
1312 1696 1371 1736 no-

265 1778 357 1830 strum
382 1767 553 1831 constitutas
578 1765 727 1832 bubonion.
764 1763 928 1844 Propterea
953 1775 1137 1844 praesentem
1162 1767 1371 1828 auctoritatem

265 1859 332 1920 ficri
357 1860 504 1936 iussimus,
533 1874 591 1939 per
613 1879 699 1937 quam
725 1857 848 1918 omnino
868 1857 1062 1940 praecipimus
1082 1869 1169 1937 atque
1188 1862 1371 1938 mandamus,

147 1947 156 1957 ’
263 1964 413 2034 utusque
433 1973 501 2028 vos,
532 1972 629 2032 neque
643 1949 777 2018 ,iuniores
796 1949 884 2012 vestri
902 1971 955 2010 seu
974 1969 1172 2028 successores,
1201 1968 1368 2017 memorato

263 2045 328 2106 viro
349 2045 512 2106 venerabili
529 2043 686 2106 Audlando
706 2043 827 2117 Abbati,
847 2055 897 2104 ant
915 2042 1130 2106 successoribus
1149 2045 1218 2122 suis,
1238 2066 1292 2108 scu
1311 2049 1367 2110 bo-

262 2137 391 2198 minibus
411 2150 528 2212 eorum,
552 2155 608 2216 pro
626 2135 683 2200 bac
699 2155 788 2200 cause
806 2136 990 2218 inquietare,
1009 2147 1060 2196 aut
1078 2136 1252 2200 calumniam
1271 2161 1367 2222 gene-

261 2249 342 2291 rare:
373 2239 424 2288 aut
451 2228 560 2309 utquid
586 2250 645 2310 pro
665 2229 723 2290 boc
742 2229 895 2308 requirere
915 2231 951 2290 ab
971 2231 1030 2305 eis,
1056 2240 1112 2292 'aut
1131 2244 1274 2308 exactare,
1304 2254 1365 2294 nec

160 2365 167 2376 ,
262 2322 384 2384 omnino
406 2324 609 2384 contradicere
629 2323 833 2404 praesumatis:
859 2323 915 2387 nisi
934 2323 1021 2384 liceat
1039 2322 1206 2386 bominibus
1223 2337 1256 2385 ut
1273 2347 1364 2406 supra

261 2416 382 2476 diximus
403 2435 436 2476 ex
455 2427 555 2476 nostra
575 2417 758 2498 indulgentia
782 2415 937 2476 incorum
961 2417 1095 2496 proprias
1119 2418 1203 2480 silvas
1228 2421 1363 2481 venatio·
1433 2423 1434 2486 Ξ

259 2529 329 2570 nem
349 2529 494 2574 exercere.
533 2511 574 2570 Et
592 2521 625 2570 ut
649 2509 722 2570 baec
741 2508 909 2570 Auctoritas
937 2508 1050 2590 firmior
1073 2509 1230 2588 habeatur,
1260 2523 1291 2572 et
1309 2533 1363 2592 per

258 2613 394 2687 tempora
417 2604 521 2666 melius
550 2615 755 2680 conservetur,
782 2603 818 2662 de
839 2601 948 2664 annulo
968 2615 1089 2682 nostro,
1119 2604 1222 2676 subter
1241 2603 1361 2689 sigillari

129 2707 135 2720 '
257 2691 400 2758 iussimus.

336 2788 460 2868 Signum
481 2787 593 2848 Domni
611 2785 714 2844 Karoli
733 2785 934 2866 gloriosissimi
953 2787 1052 2869 Regis.

335 2879 414 2956 Data
434 2879 503 2938 Vll.
524 2877 588 2946 Kal.
607 2877 728 2960 Aprilis,
749 2883 828 2940 anbo
848 2880 912 2944 XX.
931 2880 1027 2959 Regni
1047 2882 1150 2944 nostri.

331 2973 438 3034 Actum
459 2971 491 3032 in
509 2972 678 3052 supradicto
699 2971 767 3034 loco
789 2971 896 3052 sithiu,
915 2975 947 3036 in
966 2975 1053 3038 Atrio
1074 2976 1175 3038 Sancti
1194 2977 1305 3038 Bertini
1320 2979 1353 3037 in

293 3067 354 3128 Dei
372 3065 494 3142 nomine
512 3063 657 3145 feliciter,
680 3066 787 3128 Amen.

548 3275 1061 3402 bumerkungen

316 3452 346 3527 ¹)
365 3448 507 3512 Audeat
524 3448 703 3526 deMira,
723 3471 752 3510 cs.
769 3471 800 3512 o.
823 3449 872 3526 0.,
892 3449 934 3526 II,
953 3471 982 3530 p.
1002 3456 1059 3518 497
1073 3450 1173 3534 401ςά.
1212 3451 1349 3514 Mobil-

253 3543 329 3619 lon,
350 3545 385 3604 dc
406 3543 440 3602 R.
460 3541 515 3618 D.,
535 3543 595 3618 VI,
615 3565 644 3622 p.
663 3549 730 3611 611.
770 3543 872 3604 Ucber
897 3543 944 3604 die
968 3543 1102 3626 Stiltung
1126 3545 1220 3607 dieses
1244 3547 1276 3606 in
1299 3548 1348 3607 der

255 3634 431 3696 Geschicbte
452 3636 520 3696 sebr
538 3635 774 3718 merkwiirdigen
789 3637 921 3697 Klosters
943 3635 1033 3697 durch
1045 3636 1219 3699 Adrorrldus
1238 3639 1347 3719 (Adre-

252 3725 368 3806 oaldus)
393 3729 432 3789 im
449 3729 541 3789 Jabre
566 3734 623 3794 644
645 3727 737 3810 vergl.
762 3727 903 3790 Aubert
926 3728 968 3790 de
993 3729 1106 3806 Mire,
1138 3731 1250 3792 Dorum.
1268 3733 1346 3794 Pior.

255 3819 367 3898 Codex,
390 3841 452 3900 cap.
471 3829 499 3897 3,
523 3820 598 3896 Opp.
619 3821 645 3897 Ι,
664 3842 694 3902 p.
714 3827 741 3887 7.
780 3821 880 3902 Jacq.
910 3820 1173 3902 Malehrnncp,
1196 3823 1345 3887 chora'-

250 3919 296 3976 nis
314 3929 340 3976 et
358 3913 546 3974 Morinorum
563 3936 669 3990 rmum,
688 3914 776 3990 silvis,
794 3913 958 3990 paladibus,
978 3915 1103 3994 oppidis,
1121 3923 1205 3994 regia
1220 3923 1345 3980 comitam

105 4073 111 4084 ¹
248 4012 390 4086 prosapta
407 4027 443 4068 oc
454 4011 611 4068 ammoto
629 4012 762 4089 regioque
775 4009 945 4086 praeocbm
957 4009 1119 4088 splendore,
1137 4015 1190 4071 uiis
1203 4013 1346 4073 Caesareis

127 4115 133 4122 “
248 4123 285 4162 oc
298 4094 449 4178 portubus,
468 4115 517 4162 etc.
538 4101 596 4178 IId,
616 4107 663 4168 27.
705 4103 837 4164 Tmaros·
854 4103 1027 4164 Neruiorum
1046 4103 1307 4186 [Tournayl'1639‚
1316 4114 1342 4170 4.

75 4205 78 4226 ³
251 4194 337 4274 [Dies
357 4195 440 4256 Bucb
461 4195 569 4280 gebiirt
588 4213 625 4254 ru
645 4197 703 4258 den
718 4195 890 4260 *seltensten
919 4197 1021 4278 Vergl.
1034 4191 1215 4273 Hummcl,
1234 4194 1341 4258 Biblio-

247 4285 310 4348 stat
326 4287 545 4354 dmdausclm
563 4289 775 4368 mundetur,
804 4293 898 4369 11,³.
920 4291 951 4355 S.
971 4293 1030 4370 82]
1069 4291 1128 4352 Die
1153 4291 1218 4353 bier
1242 4293 1340 4374 mitge-

248 4380 350 4445 tbsilte
364 4383 505 4448 Iltluudc
523 4385 601 4450 stud
620 4405 679 4453 rou
698 4406 752 4451 uus
773 4406 822 4450 aus
841 4385 997 4452 mebreren
1011 4385 1163 4450 Ursacben
1183 4385 1341 4469 beigcbigt.
1428 4435 1429 4438 .
