2890 5092
590 433 676 504 191

12 575 13 580 ἵ
76 609 197 671 tantos,
219 583 304 656 caseo
323 593 411 661 libras
430 602 543 664 tantos,
563 591 628 650 salis
647 601 758 666 tantas,
784 589 882 664 olera,
906 582 1068 670 legumina,
1093 589 1184 672 ligna,

76 711 163 751 carra
184 699 280 764 tanta,
308 683 417 748 faculas
437 697 549 760 tantas,
574 683 703 763 itemque
727 685 836 745 victum
860 683 897 742 ad
923 683 1051 742 caballos
1071 704 1184 760 eorum,
1286 707 1287 718 ¹

47 787 174 850 foeno
195 803 276 842 carra
296 793 407 856 tanta,
419 779 531 840 suffuso
557 777 672 836 modios
696 775 808 838 tantos.
850 777 931 834 Haec
957 778 1061 847 omnia
1081 773 1185 838 diebus

68 851 204 962 singuiis
223 887 283 935 tarn
303 875 340 933 ad
361 870 568 954 ambulandum
589 889 675 949 quam
695 871 731 928 ad
749 891 803 930 nos
822 870 853 928 in
865 869 924 928 Dei
942 869 1064 930 nomine
1084 891 1183 936 rever-

12 951 14 976 *
76 970 175 1028 tendo
195 967 395 1046 unusquisque
413 975 541 1027 vestrum
561 985 616 1044 per
635 963 701 1023 loca
722 962 995 1024 consuetudinaria
993 964 1108 1024 eisdem
1127 965 1183 1024 mi
1263 1017 1266 1024 ,

76 1061 207 1125 nistrare
234 1073 264 1120 et
288 1058 447 1138 adimplere
472 1047 652 1137 procuretis,
682 1055 807 1136 qualiter
831 1073 885 1124 nec
909 1077 1020 1118 moram
1048 1053 1184 1134 habeant,
1275 1051 1288 1146 ’ῃ

76 1177 136 1216 nee
160 1154 294 1228 inipriam
314 1151 476 1240 perierant,
496 1151 521 1210 si
541 1151 665 1232 gratiam
685 1161 816 1215 nostram
837 1151 942 1227 optatis
961 1151 1078 1214 hahere,
1117 1191 1122 1200 .

521 1619 523 1632 ’
570 1601 695 1678 XLVI.

27 1773 28 1780 ι
182 1735 308 1799 Uener·
325 1733 562 1802 Hildegard,
585 1733 650 1787 dle
668 1730 881 1789 Gemalrlln
898 1729 1031 1786 Korl’s
1043 1727 1081 1802 ¹).

75 1835 171 1890 Paul.
189 1835 256 1888 W'a
265 1838 346 1888 rnes
349 1835 416 1888 ridi
435 1835 504 1890 Gest.
521 1833 643 1905 Episcop.
654 1835 782 1897 Mettens,
794 1835 833 1904 ap.
846 1831 949 1894 Perta,
962 1831 995 1896 ll,
1010 1833 1184 1904 palm-267.

140 1971 294 2051 [Pippini]
316 1969 390 2029 filius
409 1989 533 2050 magnus
559 1989 610 2028 rex
629 1967 754 2030 Karolus
781 1961 913 2058 exstitit,
929 1967 987 2047 qui
1004 1969 1187 2030 Francorum

76 2086 221 2147 regnum,
248 2063 324 2124 sieut
348 2080 498 2140 nunquam
523 2073 608 2122 antea
634 2062 744 2138 suerat,
770 2063 909 2137 dilatavit.
948 2061 1119 2158 Denique
1109 2073 1187 2122 mter
1243 2056 1250 2070 '

76 2157 165 2237 plura
187 2167 217 2216 et
235 2155 367 2216 miranda
388 2175 462 2234 quae
483 2155 585 2237 gessit,
603 2154 875 2236 Langobardorum
888 2167 1008 2236 gentem
1029 2155 1101 2215 bis
1092 2176 1149 2215 ram
1170 2177 1186 2214 a

76 2263 164 2330 patre
186 2249 343 2323 devictam,
374 2249 467 2308 altero
496 2269 598 2311 eorum
624 2268 695 2342 rege
721 2247 768 2306 cui
792 2247 962 2309 Desiderius
987 2268 1097 2306 nomen
1125 2261 1188 2308 erat
1217 2303 1221 2308 .

77 2355 190 2422 capto,
215 2343 384 2421 alteroque,
411 2343 461 2421 qui
482 2341 652 2404 dicebatur?
654 2331 815 2420 Adelgisus
842 2352 873 2402 et
897 2361 962 2398 cum
982 2340 1119 2430 genitore
1138 2360 1187 2399 re-

53 2436 264 2516 gnantem²)
290 2457 361 2508 suo,
370 2425 683 2514 Constantinopolim
703 2433 805 2514 pulso,
830 2432 995 2493 universam
1023 2431 1085 2492 sine
1106 2434 1188 2514 gravi
1215 2473 1217 2484 ·
1290 2479 1292 2492 .

76 2527 199 2609 proelio
220 2541 290 2586 su'ae
310 2526 440 2587 subdidit
459 2527 574 2602 ditioni,
595 2541 635 2603 et,
654 2529 736 2608 quo'd
748 2547 816 2589 raro
829 2526 893 2586 fieri
905 2525 1030 2602 adsolet,
1051 2524 1189 2586 elementi

77 2621 286 2682 moderatione
306 2621 458 2682 victoriam
477 2621 661 2701 temperavit.
692 2622 843 2680 Romanos
853 2631 1018 2700 praeterea,
1036 2619 1188 2700 ipsamque

77 2714 185 2774 urbem
208 2714 398 2790 Romuleam,
434 2715 608 2794 iampridem
640 2715 702 2777 eius
734 2711 929 2794 praesentiam
963 2712 1188 2789 desiderantem,

78 2829 156 2887 quae
177 2805 334 2885 aliquando
355 2809 456 2872 mundi
481 2799 573 2868 totius
595 2807 847 2882 dominatuum,
873 2819 903 2868 et
926 2818 1005 2868 tunc.
1025 2827 1040 2865 a
1066 2805 1187 2888 Lango-
1249 2821 1257 2829 “

79 2901 178 2962 bardis
201 2901 336 2979 depressa
356 2899 511 2981 gemebat,
543 2901 622 2962 duris
651 2901 792 2984 angustiis
823 2901 966 2975 eximens,
986 2900 1052 2962 'suis
1078 2901 1188 2960 addidit

78 2994 216 3075 sceptris;
247 3003 409 3072 cunctaque
435 2993 625 3053 nibilominus
656 2995 740 3053 Italia
766 2993 830 3052 miti
855 2993 1057 3052 dominatione
1076 2993 1187 3072 potitus

79 3101 131 3147 est.
171 3087 219 3146 De
248 3106 307 3166 quo
332 3085 396 3145 viro
417 3085 570 3161 nescias,
569 3097 666 3144 utrum
693 3087 831 3145 virtutem
852 3085 888 3144 iu
917 3105 953 3144 eo
974 3085 1126 3159 bellicam,
1150 3107 1190 3144 an

15 3189 17 3196 ’
78 3181 242 3261 sapientiae
263 3179 425 3241 claritatem
445 3179 638 3259 omniumque
658 3177 842 3238 liberalium
834 3179 954 3238 artium
978 3178 1070 3296 magis
1095 3178 1186 3236 admi

79 3277 150 3334 reris
177 3274 320 3354 peritiam.
858 3291 860 3297 ’

135 3367 193 3427 Hie
209 3387 246 3426 ex
266 3365 432 3446 Hildegard
449 3368 577 3446 coniuge
597 3377 724 3444 quatuor
742 3314 823 3426 filios
839 3376 868 3424 et
881 3364 1010 3443 quinque
1026 3364 1098 3432 filias
1115 3385 1186 3445 pro-

81 3460 198 3521 creavit.
246 3458 359 3521 Habuit
378 3470 492 3533 tamen,
512 3471 580 3518 ante
604 3457 698 3539 legale
725 3456 920 3548 connubium,
952 3477 985 3517 ex
1008 3446 1186 3518 Himiltrude
1240 3453 1242 3458 ’

80 3552 175 3612 nobili
195 3552 294 3632 puella
313 3551 404 3640 filium
425 3551 546 3618 nomine
567 3550 735 3636 Pippinum.
775 3553 918 3615 Natorum
940 3573 1009 3612 sane
1030 3553 1091 3612 eius
1112 3567 1196 3632 quos‘

84 3645 110 3703 ei
130 3645 295 3726 Hildegard
315 3645 517 3724 peperit,1ista
536 3657 605 3706 sunt
624 3645 758 3704 nomina:
784 3645 894 3724 primus
916 3645 1008 3706 dictus
1029 3657 1071 3706 est
1090 3647 1185 3707 Karo-

82 3737 135 3814 lus,
155 3737 268 3798 scilieet
286 3739 377 3818 patris
397 3761 430 3800 ac
451 3738 555 3820 proavi
573 3737 719 3802 vocabulo
735 3749 932 3818 nuncupatus;
952 3741 1095 3800 secundus
1116 3743 1185 3801 item

81 3827 234 3910 Pippinus,
254 3831 337 3890 fratri
358 3844 446 3912 atque
467 3854 522 3893 avo
544 3833 736 3912 aequivocum
753 3831 861 3898 tertius
869 3831 1035 3908 Lodobicb,
1056 3826 1184 3912 quicum
1275 3875 1289 3888 .

16 3989 19 4006 Ι
81 3919 249 3998 Hlotlrari0,
270 3925 320 4004 qui
340 3925 466 3996 biennis
475 3926 630 4002 occubuit,
650 3946 712 3986 uuo
733 3935 818 4016 partu
840 3935 883 3986 est
901 3927 1033 4008 genitus;
1059 3947 1093 3984 ex
1119 3927 1183 4004 qui-

82 4011 162 4078 bus
153 4039 210 4076 ram
229 4017 298 4088 Deo
319 4017 435 4082 favente
455 4022 554 4085 minor
574 4019 718 4100 Pippiuus
706 4038 861 4140 sregnum
880 4021 1000 4094 ltaliae,
1026 4017 1183 4087 Lodobicb
1267 4065 1271 4074 ,

83 4106 256 4200 Aquitaniae
270 4123 433 4181 tenent

83 4240 281 4258 s¹·———---·

103 4317 265 4376 ¹)Zullap,
282 4316 369 4364 XVlll.
395 4318 476 4376 Vergl.
496 4318 555 4362 iiber
569 4317 634 4373 diese
651 4317 724 4364 stelle
746 4319 805 4366 autb
825 4315 947 4364 Alrur'ns'
968 4311 1028 4370 Opp
1050 4314 1087 4362 ed
1109 4315 1182 4360 Fro-

84 4360 487 4450 len‚v01.111’2p53f
534 4387 537 4395 '

121 4450 143 4501 ²)
156 4453 274 4510 regnabat.
