2908 5094
586 457 675 528 les

73 609 136 686 ire,
154 629 213 672 nec
232 611 330 672 cibmn
348 629 474 688 sumere,
493 631 550 674 nec
570 615 607 674 ad
624 615 785 678 Ecclesiam
805 614 852 680 vel
872 605 913 676 ad'
923 614 1062 695 palatium
1081 623 1133 702 'ent
1151 620 1181 680 in

17 711 19 732 '
78 703 190 764 itinere
209 725 345 787 pergere,
363 727 421 767 nec
440 707 528 766 etiam
553 718 669 770 nostros
693 709 828 770 homines
848 729 914 770 cum
934 727 1037 772 eorum
1054 713 1184 782 hornini-
1265 731 1268 738 ·

79 799 146 873 bus,
167 811 218 858 aut
237 799 367 860 caballos
391 798 440 860 vel
463 799 577 880 reliqua
597 822 708 881 pecora
730 815 830 864 nostra
857 823 924 864 cum
943 822 1047 864 eorum
1066 805 1184 886 pecori-

75 889 143 966 bus,
164 903 216 974 aut
235 893 272 952 ad
291 902 407 972 pastum
427 892 481 966 ire,
501 905 551 952 aut
569 893 654 955 simul
664 895 805 973 babitare,
823 898 870 959 vel
879 917 1001 958 manere
1020 917 1077 958 nec
1095 897 1184 957 ullam

17 1031 21 1046 .
72 984 339 1064 participationem
360 1005 424 1044 cum
445 984 501 1061 eis,
527 985 584 1048 nisi
610 1007 666 1068 pro
694 990 916 1067 emendatione,
939 1001 1010 1051 ante
1037 989 1184 1069 publicam

72 1079 319 1138 emendationem
345 1087 375 1136 et
398 1076 548 1138 Ecclesiae
574 1079 805 1164 satisfactionem
828 1105 954 1162 unquam
981 1083 1111 1144 scienter
1134 1094 1185 1144 aut

71 1169 209 1231 libenter
226 1171 339 1230 babere
359 1167 526 1246 debeamus,
544 1191 582 1232 ne
603 1193 659 1252 pro
680 1173 1002 1258 eorumliniquitatibus
1021 1188 1109 1257 atque
1129 1177 1185 1236 lla·
1265 1171 1280 1232 .’

69 1262 155 1340 gitiis
177 1284 322 1322 unacum
343 1262 382 1322 eis
402 1284 456 1323 nos
477 1274 508 1323 et
526 1265 636 1342 nostri,
656 1267 738 1346 quod
757 1265 848 1342 absit,
873 1289 1033 1348 pereamus.
1070 1269 1185 1328 Scimus

73 1355 162 1412 enim
182 1355 249 1434 quia
269 1353 346 1434 perit
363 1357 453 1417 iustus
474 1378 530 1437 pro
552 1358 654 1439 impio.
699 1359 786 1420 Tales
812 1380 885 1420 vero
912 1381 928 1420 a
953 1361 1055 1436 nobis,
1079 1361 1103 1420 si
1128 1383 1184 1444 nos

18 1517 19 1522 η
72 1445 182 1506 fideles
202 1447 311 1508 babere
331 1448 431 1526 vultis,
447 1463 604 1536 segregate
625 1464 656 1512 et
674 1451 705 1512 in
717 1453 895 1535 ergastulum
908 1453 962 1514 sub
980 1453 1097 1534 publiea
1108 1476 1184 1534 poe-

72 1539 204 1600 nitentia
223 1539 350 1624 redigite
363 1543 409 1620 ¹);
429 1554 460 1604 et
478 1544 625 1623 postulata
646 1547 810 1607 concedite.
851 1548 895 1607 Ut
908 1566 981 1629 ergo
999 1547 1185 1607 haecomnia

71 1647 95 1692 a·
108 1632 199 1694 vobis
219 1646 250 1694 et
270 1656 286 1696 a
306 1635 404 1712 nobis,
423 1636 483 1699 sive
503 1658 520 1698 a
539 1640 755 1700 successoribus
775 1640 877 1702 vestris
901 1651 933 1700 et
951 1660 967 1700 a
987 1639 1112 1716 nostris,
1137 1639 1184 1698 fu-
1211 1655 1214 1662 ’

71 1726 150 1786 turis
175 1729 362 1807 temporibus
391 1729 502 1810 absque
526 1731 585 1790 ulla
611 1732 844 1795 dissimulatione
873 1743 1089 1794 conserventur
1112 1733 1195 1802 seri·-¹

71 1820 131 1898 ptis
154 1822 359 1884 ecclesiasticis
378 1821 509 1886 inserere
528 1825 645 1904 iubete,
670 1839 702 1887 et
718 1828 798 1889 inter
816 1838 912 1890 vestra
932 1824 1071 1908 Capitnla
1090 1827 1189 1888 intem.
1250 1876 1254 1884 .
1335 1863 1337 1870 ι

69 1912 180 1992 polare
200 1915 388 2000 praecipite.¹

215 2561 426 2620 eamus·
442 2563 606 2621 nomam
623 2563 770 2642 remu
783 2563 1046 2635 lupanares·
1140 2520 1143 2530 ⁶

412 2667 445 2718 ad
466 2665 664 2736 suprascriptam
687 2665 847 2736 petitionem.

135 2822 283 2884 Omnibus
302 2835 406 2886 notum
435 2844 497 2886 esse
516 2825 650 2888 volumus
665 2827 743 2906 ·quia
767 2849 831 2892 uon
854 2827 950 2890 solnm
976 2845 1011 2886 ea
1038 2844 1113 2905 quae
1132 2845 1181 2887 su-

75 2935 129 2994 per
148 2916 367 2996 Episcoporum
388 2917 676 3000 etPrcsbyterorum
694 2921 823 2980 bostium
840 2918 1044 2983 vexationibus
1063 2929 1094 2979 et
1112 2939 1181 2998 pre-

76 3007 156 3070 cibus
176 3029 234 3088 pro
254 3009 341 3070 nobis
361 3022 391 3070 et
408 3010 494 3072 vobis
512 3011 577 3070 lieri
596 3012 760 3092 rogitastis,
780 3015 944 3074 concedere
965 3024 1111 3092 optamus,
1129 3013 1182 3072 sed

76 3101 216 3182 quicquid
242 3123 298 3182 pro
322 3115 440 3166 sanctae
464 3103 524 3164 Dei
547 3103 700 3165 Ecclesiae
721 3117 751 3166 et
770 3106 980 3180 Sacerdotem,
1010 3103 1071 3164 sive
1090 3103 1182 3162 totius

18 3219 20 3228 ’
75 3194 180 3274 populi
201 3208 232 3254 et
249 3207 345 3256 vestra
364 3197 490 3258 utilitate
510 3197 692 3274 inveneritis,
711 3199 877 3260 concedere
887 3196 1062 3278 paratissimi
1076 3215 1182 3256 snmus.

75 3286 113 3346 Et
125 3286 220 3346 modo
230 3287 295 3362 ista,
314 3289 389 3348 sicut
408 3291 532 3369 petistis,
552 3292 749 3352 concedimus.
782 3294 822 3350 Et
843 3287 1042 3370 quando,vita
1062 3285 1182 3366 comite,

76 3377 142 3440 Deo
169 3379 344 3454 auxlliante,
369 3382 406 3440 ad
431 3384 569 3464 generale
597 3384 737 3462 placitum
756 3381 937 3456 venerimus,
966 3378 1041 3440 sicut
1059 3379 1182 3462 petistis,

77 3473 214 3548 consultu
235 3473 365 3534 omnium
385 3473 515 3548 fidelium
535 3487 704 3536 nostrorum
724 3474 976 3555 scriptislirmare,
996 3474 1103 3546 nostris
1123 3496 1185 3536 no-.

77 3577 263 3648 atrorumque
283 3579 372 3648 atque
392 3565 496 3631 futuris
516 3567 1109 3651 temporibusirrefragabilitermanenda
1128 3567 1180 3632 fir*

76 3660 216 3739 missime,
241 3660 373 3721 Domino
394 3660 645 3739 amminiculante,
673 3662 813 3742 cupimus.
863 3662 960 3744 Modo
978 3681 1012 3740 ea
1033 3681 1107 3740 quae
1120 3680 1180 3744 ¹gt·

78 3755 185 3816 neralia
206 3766 284 3830 sunt,
303 3767 333 3814 et
353 3753 489 3815 omnibns
509 3756 691 3816 conveniunt
711 3755 884 3829 Ordinibus,
904 3764 1031 3814 statuere
1047 3774 1086 3816 ,ac
1105 3774 1179 3834 cup-

77 3845 128 3905 ctis
147 3860 264 3910 sanctae
283 3849 343 3910 Ilei
362 3848 513 3910 Ecclesiae
532 3851 699 3930 nostrisque
718 3846 869 3924 fidelibus,
893 3843 933 3906 ob
952 3846 1012 3907 Dei
1039 3845 1179 3949 omnipo-

32 3991 34 4002 .
79 3939 164 4000 tentis
189 3963 321 4022 amorem
345 3954 375 4002 et
397 3941 653 4019 recordationem,
681 3941 802 4004 tradere.
822 3939 916 4020 parati
942 3961 1052 4011 sumum
1083 3949 1114 3998 et
1127 3937 1178 4000 ,ad

80 4033 239 4108 proximum
257 4035 429 4116 synodalem
453 4046 586 4097 nostrum
612 4044 790 4098 conventum
814 4054 848 4094 ac
867 4033 1008 4116 generale
1028 4029 1181 4111 placitum,

83 4209 274 4224 ¹-—-—-.-—

23 4365 25 4370 .
122 4287 247 4371 'lbrlrellt
259 4322 353 4372 bieraus
365 4322 408 4366 clar
420 4321 611 4368 Verbandenaein
625 4321 776 4380 bifentlieber
788 4284 869 4365 strei—
882 4319 930 4362 und
942 4310 1121 4366 Athellthl'utaer
1133 4331 1176 4362 un·
1193 4283 1201 4306 ⁸
1289 4286 1294 4295 l

83 4386 116 4426 ltr
128 4387 169 4434 der
181 4391 317 4451 Regiorung
329 4390 400 4434 liarlr
413 4389 454 4432 des
467 4383 531 4434 Gn?
544 4387 569 4432 8.
583 4387 643 4433 ouclr
652 4387 691 4432 die
704 4389 776 4432 Stella
786 4399 828 4430 ons
837 4387 890 4430 dem
901 4379 1000 4428 monete
1013 4393 1059 4424 ron
1072 4377 1106 4432 St.
1119 4377 1176 4429 Gal-

83 4447 118 4494 ¹0¹
131 4457 204 4513 (ΙΝ),
217 4457 363 4510 welcheurir
375 4464 449 4520 estorp
461 4462 533 4502 antor
541 4455 585 4500 llr.
600 4459 637 4501 toa
651 4453 888 4514 rtltgetbeiltlaabom
1129 4467 1134 4476 ¹
1157 4471 1161 4482 ·
