2890 5092
725 510 729 526 .
766 467 853 536 leo

257 625 367 686 llut'
343 647 367 685 ιι
392 645 454 686 nou
480 624 648 708 potuerint,
654 589 793 686 Domno
820 623 997 704 Imperatori
1017 633 1119 683 notum
1140 621 1261 698 faciant,
1288 643 1374 702 quae

258 701 459 780 difficultas'
433 738 474 780 ers
494 719 608 780 resistat
628 737 666 777 ne
687 717 759 778 illud
778 717 922 797 perficere
943 718 1064 798 possint.

312 810 352 872 ΙΙ.
392 811 436 871 Ut
457 810 595 891 quiequid
616 809 652 870 de
674 811 735 870 eius
755 810 883 872 iussione
905 809 1030 892 quilibet
1049 829 1220 890 praecipere
1232 820 1262 869 et
1279 831 1373 870 com·

255 906 395 969 mendare
416 905 542 978 debent,
573 904 747 984 potestative
773 905 950 964 annuntient
975 915 1062 984 atque
1083 903 1274 983 praecipiant.
1328 905 1374 962 Et

255 1018 318 1060 non
345 998 400 1059 sibi
425 995 534 1056 faciant
559 996 654 1056 socios
680 995 828 1058 inferioris
854 995 965 1058 ordinis
990 995 1139 1071 homines,
1169 997 1219 1076 qui
1245 1017 1372 1077 semper
1438 1023 1439 1066 ς

254 1091 323 1152 inde
343 1101 425 1152 retr'o
445 1110 492 1150 res
514 1089 737 1170 qualescunque
749 1101 875 1154 tractare
894 1089 1011 1162 volunt;
1031 1089 1081 1149 sed
1094 1087 1161 1149 illos
1180 1089 1235 1150 sibi
1247 1091 1370 1151 socient
1438 1117 1439 1150 1

256 1187 308 1268 qui
328 1185 364 1245 ad
386 1183 525 1245 ellectum
545 1191 779 1264 unamquemque
798 1205 861 1244 rem
886 1181 990 1244 deduci
1011 1177 1141 1264 cupiunt.

312 1279 369 1338 III.
410 1277 538 1353 Quando
559 1275 706 1345 rustrtram,
718 1277 894 1358 pauperibus
915 1277 1013 1337 sacerd
1033 1276 1180 1349 iusserint,
1200 1275 1289 1336 semel
1313 1289 1366 1336 aut
1438 1275 1439 1294 ¹

254 1371 311 1434 bis'¹
319 1371 503 1454 praecipiant
522 1381 555 1430 ut
574 1369 681 1430 iustitia
703 1369 779 1430 lacta
798 1371 857 1431 fiat.
897 1369 1098 1444 Tertia‘vice,
1118 1367 1142 1432 si
1162 1369 1294 1428 nondum
1317 1369 1363 1428 la·
1438 1433 1439 1438 .

254 1559 351 1620 lacere
371 1558 483 1633 noluit,
509 1568 540 1617 et
567 1577 633 1616 cum
659 1556 766 1618 virtute
786 1557 913 1634 tollant,.
932 1556 968 1618 ab
991 1576 1027 1618 eo
1050 1553 1130 1635 quod
1148 1554 1255 1616 iniuste
1275 1555 1361 1615 alteri

104 1646 106 1654 ’
189 1653 198 1674 '
254 1653 333 1730 tulit,
354 1663 385 1714 et
403 1651 530 1712 reddant
549 1649 592 1710 illi
613 1650 693 1719 cuius
713 1671 767 1730 per
787 1651 925 1712 iustitiam
946 1671 1007 1720 esse
1029 1648 1139 1709 debuit.

174 1819 179 1840 x
245 1760 249 1769 ¹
293 1748 365 1814 1IV.
391 1747 448 1804 ·Ut
468 1744 518 1824 qui
537 1734 668 1804 bannum
686 1741 801 1806 Domlri
820 1741 1011 1826 Imperatoris
1036 1745 1082 1808 vel
1107 1743 1188 1804 lreda
1216 1741 1285 1802 dare
1306 1743 1357 1803 de-

253 1841 321 1916 bet,
348 1837 507 1918 accipiatur
526 1837 576 1897 illa
596 1835 722 1912 solutio,
748 1849 778 1898 et
796 1839 832 1898 ad
853 1859 918 1898 eum
938 1835 1096 1916 inseratur,
1125 1849 1158 1898 ut
1178 1837 1240 1916 ipse
1259 1846 1358 1897 tamen

147 1933 153 1948 '
254 1937 304 1996 det
325 1933 489 2010 cuicunque
510 1930 537 1990 ei
557 1929 708 2022 placuerit.

206 4424 219 4458 1

309 2029 347 2086 V.
388 2024 568 2101 Quicunque
581 2023 611 2100 ¹)
629 2015 715 2082 illis
706 2011 845 2085 rustitiam
859 2025 955 2086 lacere
968 2009 1136 2086 volentibus
1153 2021 1288 2082 resistere
1305 2043 1357 2082 co-

86 2132 88 2141 '
170 2165 176 2184 ,
253 2132 337 2182 natus
358 2117 457 2192 luerit,
477 2115 599 2176 Domno
620 2115 797 2203 Imperatori
817 2118 1001 2178 annuntient.
1034 2115 1175 2178 Similiter
1190 2115 1358 2196 quicunque

253 2224 357 2283 contra
377 2208 516 2272 iustitiam
537 2195 659 2270 alterum
679 2209 711 2268 in
730 2210 838 2290 placito
860 2212 1018 2272 defendere
1039 2207 1177 2286 voluerit,
1196 2207 1357 2290 legitimam

252 2295 546 2386 poenam¹incurrat‚
572 2291 727 2387 cuiuslibet
752 2305 841 2364 bomo
862 2306 914 2380 sit,
940 2305 1000 2366 sive
1025 2303 1138 2364 Domni
1156 2301 1357 2382 Imperatoris,

251 2399 311 2460 sive
337 2395 492 2462 cuiuslibet
517 2395 643 2457 filiorum
677 2409 706 2457 et
732 2397 874 2473 filiarum,
906 2398 954 2458 vel
984 2409 1165 2459 caeterorum
1191 2395 1355 2477 potentium

252 2489 411 2552 hominum.

706 2680 904 2691 .-.—-.----

499 2977 743 3073 'l'uetutorle
752 2888 1109 3087 {Elimia-rum)
1177 3088 1181 3100 .

559 3104 599 3154 vel
616 3101 722 3154 minima
739 3100 856 3154 facienda
874 3101 946 3153 istius
964 3103 1050 3190 instar.

310 3236 365 3298 Ille
391 3229 454 3317 lte‘x
480 3234 615 3296 omuibus
642 3235 805 3317 agentibus.
854 3232 933 3293 Dum
960 3247 990 3294 et
1016 3257 1069 3294 nos
1095 3237 1126 3293 in
1150 3235 1209 3295 Dei
1234 3236 1351 3296 nomine

158 3353 167 3362 ·
252 3328 416 3408 apostolico
436 3329 500 3389 viro
521 3328 574 3390 illo
595 3349 714 3388 necnon
736 3339 767 3388 et
785 3326 906 3388 inlustre
926 3328 990 3390 viro
1011 3329 1062 3388 illo
1084 3327 1213 3408 partibus
1233 3328 1289 3388 illis
1307 3329 1351 3389 le·

251 3420 379 3502 gationis
400 3441 483 3480 causa
504 3422 672 3497 direximus,
699 3421 768 3481 ideo
795 3421 927 3480 iubemus
954 3433 985 3481 ut
1011 3422 1083 3482 locis
1110 3421 1349 3482 convenientibus

252 3512 361 3570 eisdem
382 3532 397 3570 a
417 3511 501 3571 vobis
523 3513 637 3572 evectio
663 3514 748 3572 simul
772 3525 804 3574 et
824 3514 986 3575 humanitas
1006 3515 1200 3591 ministretur,
1233 3515 1289 3575 hoc
1308 3527 1350 3574 est

157 3661 161 3680 ,
250 3603 374 3664 veredos
394 3605 453 3665 sive
473 3605 668 3686 paraveredos
687 3615 795 3681 tantos,
816 3627 892 3686 pene
913 3605 1007 3667 nitido
1028 3610 1145 3670 modios
1155 3621 1264 3682 tantos,
1283 3608 1348 3668 vino

251 3695 365 3754 modios
385 3707 498 3774 tantos,
517 3696 627 3759 cervisa
647 3697 763 3757 modios
782 3710 905 3775 tantos‚·
919 3698 1001 3760 lardo
1022 3701 1110 3762 libr'as
1129 3715 1240 3777 tantas,
1265 3719 1348 3760 carne
1436 3731 1437 3768 ι

250 3788 339 3850 libras
357 3799 470 3865 tantas,
499 3811 608 3872 porcos
628 3801 742 3867 tantos,
770 3793 918 3872 porcellos
943 3805 1055 3871 tantos,
1083 3796 1212 3859 vervices
1243 3805 1348 3868 tantos,

250 3881 384 3965 agnellos
404 3894 511 3961 tantos,
527 3905 616 3948 aucas
636 3889 748 3961 tanta's,
767 3885 893 3950 fasianos
913 3899 1028 3964 tantos,
1048 3888 1142 3968 pullos
1162 3900 1276 3962 tantos,
1295 3905 1348 3948 ova
1436 3959 1437 3966 ἵ

250 3989 342 4053 tanta,
364 3976 433 4038 oleo
454 3977 542 4038 libras
562 3989 671 4055 tantas,
691 4000 763 4061 garo
784 3980 872 4040 libras
892 3992 1001 4056 tantas,
1027 3981 1113 4041 melle
1133 3992 1244 4057 tantas,
1266 3970 1347 4041 aceto

249 4081 353 4145 mutas,
374 4071 492 4152 cymino
511 4070 599 4132 libras
619 4083 724 4150 tantas‚'
742 4074 844 4154 pipere
864 4085 968 4148 tantas,
988 4085 1070 4134 costo
1090 4086 1196 4150 tantas,
1215 4071 1347 4156 gariofile

249 4173 361 4240 tantas,
381 4165 462 4244 spico
483 4175 592 4240 tantas,
619 4166 733 4226 cinamo
759 4180 872 4248 tantas,v
893 4167 1107 4246 granomastice
1131 4167 1221 4228 libras
1246 4177 1347 4241 tantas,

251 4253 377 4336 dactylas
396 4268 507 4357 tantas,x
520 4258 655 4340 pistacias
675 4270 784 4335 tantas,
804 4259 957 4322 amandola
977 4271 1087 4337 tantas,
1108 4281 1210 4322 cereos
1230 4257 1346 4320 librales
1435 4305 1436 4316 .

249 4393 448 4405 ---·---.

287 4472 491 4530 J)l.e.Stqute.
522 4501 545 4510 -
572 4473 848 4533 13ΙΐιινιιιξΙθΙιιιοιιΙῙιῚ,
863 4484 901 4524 tl.
929 4478 1044 4525 Walter
1056 4481 1100 4536 111,
1115 4493 1138 4536 p.
1155 4471 1216 4527 295.'
1247 4460 1254 4480 ⁸

209 1525 216 1534 ,
255 1478 333 1528 ctum
354 1477 411 1542 est,
441 1464 498 1546 ipsi
517 1473 645 1546 pergant
670 1464 706 1524 ad
734 1463 832 1524 locum
858 1476 887 1525 et
913 1464 948 1524 ad
974 1461 1122 1522 hominem
1149 1461 1199 1540 qui
1223 1461 1362 1522 iustitiam
1438 1521 1439 1532 ¹
