2890 5092
506 393 512 404 ἱ
675 387 679 394 .

619 414 623 422 ¹
713 409 716 431 l

577 439 667 510 227
723 477 726 492 =

255 507 261 516 ι
707 511 717 523 x

318 539 329 569 Ι
487 551 497 564 ·
670 540 675 550 ’

64 607 116 681 sit,
137 605 214 666 iussa
234 591 294 668 elus
315 616 594 684 contemnensque
614 606 652 666 ed
672 607 752 686 quod
772 573 863 688 capiti
880 627 933 670 suo
946 607 1104 689 pretiosam
1121 611 1173 671 de·

63 709 206 778 portaret
230 697 391 776 Corqnam.
434 699 480 756 Ut
503 698 647 778 cognovit
670 699 739 763 talia
763 699 825 760 Rex
851 694 992 776 Carolus,
1020 702 1174 766 valdeest
1278 773 1282 784 .
1314 751 1319 765 .

63 791 171 866 iratus,
190 793 278 873 a‘tque
297 792 435 852 nimirum
455 801 511 870 pen
528 790 726 850 iusiurandum
746 795 867 857 asseruit
887 795 999 855 dicens:

103 877 172 946 Nisi
190 889 357 968 sceptrum,
389 882 504 963 quod
494 903 526 942 m
545 902 634 942 manu
653 901 716 942 mea
742 899 843 965 gesto,
873 889 988 948 Arichis
1012 889 1172 972 percutiam
1238 957 1240 961 ,

75 989 220 1058 pectus,
238 980 339 1042 vivere
359 976 441 1037 nolo.
601 1033 608 1040 ,
1205 1034 1210 1046 ,

63 1071 148 1150 Ipse,
170 1073 206 1132 de
228 1093 287 1153 quo
307 1070 511 1152 praediximus,
531 1066 638 1138 Paulus
658 1069 704 1130 bis
725 1069 853 1151 denique
872 1075 948 1156 Regi
962 1075 1071 1136 Carolo
1091 1095 1188 1157 mor·
1232 1138 1238 1146 ,

61 1174 126 1223 tem
148 1165 269 1224 molitus
289 1175 333 1224 est
350 1184 407 1272 pro
427 1163 734 1244 sqiRegisDesiderii
752 1165 821 1225 lide.
862 1163 995 1245 Cumque
1014 1168 1082 1228 talia
1095 1168 1173 1278 Regi

64 1256 184 1318 Carolo
203 1257 294 1318 relata
314 1277 330 1317 a
350 1257 407 1318 suis
427 1255 563 1334 fidelibus
583 1257 720 1333 fuissent,
746 1257 885 1318 toleravit
908 1271 1031 1339 propter
1051 1261 1172 1321 nimium

62 1362 231 1427 amorem,*
244 1371 303 1431 quo
325 1371 390 1411 eum
411 1345 563 1430 diligebat.
577 1370 580 1378 ¹
595 1350 654 1410 Sed
676 1352 745 1412 dum
764 1353 855 1412 tertio
875 1363 1087 1433 perpetrasset,
1104 1355 1172 1414 tali-

52 1441 121 1515 1bns
144 1463 212 1504 eurn
231 1445 293 1504 Rex
313 1444 456 1507 allocutus
475 1447 520 1502 e'st
536 1443 649 1512 verbis.

101 1537 165 1597 Dic
183 1538 294 1617 milti,'
285 1538 431 1618 rnquiens,
450 1535 588 1596 Dracone
599 1535 702 1613 Paule,
721 1557 777 1618 pro
798 1557 854 1618 qua
871 1557 907 1600 ae
927 1536 971 1598 bis
991 1519 1095 1619 terque
1115 1561 1172 1620 no-

103 1639 185 1690 strae
203 1631 401 1692 Reverentiae
419 1641 546 1689 mortem
560 1629 685 1692 molitus
705 1633 757 1695 es?

64 1723 133 1797 Ille,
155 1733 189 1782 ut
208 1735 272 1784 erat
289 1727 396 1806 magna
417 1721 502 1782 nimis
522 1721 652 1797 audacia,
673 1725 701 1783 ei
719 1734 893 1804 responsum
911 1707 1054 1786 reddidit:

102 1817 183 1892 Fac,
204 1817 284 1898 quod
303 1817 431 1876 facturus
452 1835 497 1886 esa
524 1815 591 1895 quia
607 1817 764 1877 veritatem
785 1819 867 1888 dic03
893 1830 922 1878 et
941 1818 1045 1880 falsum
1060 1835 1172 1900 xexure

102 1930 176 1970 meo
195 1908 269 1968 nibil
288 1909 421 1989 profero.
435 1919 443 1926 “
459 1909 516 1967 Fui
536 1907 647 1988 quippe
666 1909 759 1970 fidelis
778 1911 928 1992 ,quondam
947 1911 1094 1973 Desiderii
1111 1912 1173 1974 Re-

70 2000 72 2009 ’
103 2001 163 2084 gis,
185 2011 215 2068 et
234 2001 296 2082 ipsa
316 2003 389 2062 fides
409 2001 485 2081 apud
504 2021 560 2060 nos
580 2001 720 2062 hactenus
739 2019 846 2066 manet.

67 2094 208 2174 Cumque
227 2095 258 2154 in
278 2095 397 2174 patulo,
425 2093 561 2154 omnibus
581 2093 778 2154 assistentibus
798 2097 992 2174 Proceribus,
1011 2099 1080 2160 talia
1100 2121 1173 2182 pro-

65 2187 184 2246 tulisset
202 2189 293 2248 verba
315 2209 379 2248 cum
400 2185 503 2268 iurgiis
523 2187 595 2263 suis,
615 2189 767 2267 praecepit
785 2189 939 2265 militibus,
961 2194 1087 2269 qualiter
1106 2213 1173 2252 eum
1225 2261 1227 2265 ¹

13 2273 18 2288 ’
65 2281 138 2340 sine
159 2301 243 2340 mora
268 2281 419 2389 privarent
442 2279 585 2340 manibus.
624 2280 685 2340 Sed
713 2281 779 2340 dum
806 2280 933 2342 Ministri
957 2283 1026 2341 talia
1049 2284 1173 2362 implere

65 2373 231 2446 vellent‚'
221 2394 284 2452 ipse
303 2373 447 2452 piissimus
466 2374 529 2434 Rex
547 2394 618 2452 prae
639 2373 730 2434 nimio
752 2395 869 2450 amore,
896 2394 955 2453 quo
983 2394 1047 2432 eum
1069 2375 1174 2456 dilige·
1206 2389 1226 2422 .·

66 2467 136 2541 bat,
164 2475 194 2524 et
212 2475 337 2544 propter
357 2466 417 2526 eius
437 2467 625 2549 sagacitatem
645 2467 703 2528 alta
722 2469 841 2529 trahens
866 2467 1007 2547 suspiria,
1037 2467 1152 2528 hasce
1141 2489 1174 2528 ιιι
1248 2445 1308 2478 '⁵
1358 2525 1363 2530 .

66 2578 158 2620 vooes
180 2557 291 2638 erupit:
905 2615 906 2618 ,

23 2619 30 2644 ⁸
108 2653 180 2716 Heu
198 2650 275 2732 prob
297 2650 419 2712 dolor!
425 2651 538 2731 iuquit,
564 2655 715 2732 quomodo
735 2653 868 2714 manibus
889 2653 949 2712 eius
968 2652 1175 2730 abscindimus,

108 2745 243 2822 ubitam
264 2744 429 2828 elegantem
450 2745 635 2826 scriptorem
655 2748 787 2828 reperire
807 2743 952 2808 valemus?
1046 2763 1055 2774 ¹

70 2841 247 2900 Assistentts
268 2839 405 2916 denique,
424 2850 458 2896 ut
477 2839 686 2918 praediximus,
706 2840 860 2916 Proeeres,
879 2859 935 2900 nec
955 2857 1017 2898 ιιοιι
1037 2850 1067 2898 et
1086 2836 1176 2920 Opti·

70 2945 174 3009 mates,
195 2932 246 3012 qui
266 2951 332 2991 eum
352 2950 470 2990 exosum
491 2930 650 3006 habebant,
675 2945 800 3012 propter
817 2933 973 3010 quandam,
993 2943 1026 2989 ut
1044 2921 1175 3009 diximus,

71 3025 220 3086 Desiderii
238 3019 328 3104 llegis
348 3022 476 3096 fidem,
466 3044 497 3082 ιιι
518 3022 596 3084 huuc
615 3024 736 3084 modum
755 3039 929 3104 respoustun
950 3025 1107 3084 dederunt:

109 3119 179 3198 quia
199 3139 223 3178 ιι
215 3117 321 3176 'hunc
339 3115 524 3192 Diaconum,
544 3137 563 3178 o
583 3117 662 3192 Iler,
679 3115 853 3185 illaesum
830 3116 900 3178 sutis
919 3115 1019 3192 abire,
1037 3099 1174 3196 Regnum

107 3223 193 3284 tuum
212 3209 371 3270 stabilitum
391 3209 510 3271 minime
529 3209 662 3272 babebis

72 3306 112 3366 At
130 3307 197 3367 Rex
215 3303 284 3366 talia
304 3302 452 3382 depromit
470 3301 595 3374 verba:⁸

108 3401 195 3476 Mihi,
214 3396 321 3477 inquit,
342 3393 443 3470 dicite,
462 3395 542 3474 qnod
562 3393 666 3464 exinde
685 3391 770 3465 vobis
790 3399 950 3472 comparet

73 3493 112 3555 m
130 3493 175 3552 illi
196 3490 309 3552 dolosa
306 3509 390 3551 voce
410 3487 562 3558 dixerunt,
637 3547 639 3554 ,

110 3585 199 3646 Illico
220 3582 428 3647 evellantur
402 3603 463 3644 erus
483 3583 585 3660 oculi,
598 3593 633 3642 ut
650 3603 718 3644 nee
726 3580 861 3656 cedulas,
879 3599 936 3640 nee
955 3578 1053 3640 literas
1072 3592 1181 3642 eontra

109 3691 237 3740 vestram
262 3676 464 3765 Dignitatem,
488 3696 545 3738 uec
574 3689 678 3741 contra
704 3687 831 3739 vestrum
856 3672 1010 3758 imperinm
1035 3673 1151 3734 hactem
1174 3697 1198 3735 s¹

111 3782 244 3856 peragat.

79 3863 212 3946 Cumque
231 3863 396 3927 servitutem
416 3860 517 3939 simul,
538 3875 569 3924 ct
588 3862 753 3924 duritiam
743 3882 774 3922 ιιι
793 3859 851 3922 suis
870 3857 1010 3920 militibus
1031 3871 1181 3936 cerneret,
1239 3859 1243 3863 ’
1303 3877 1307 3888 ’

79 3976 138 4017 sese
157 3956 251 4020 valide
271 3956 468 4040 perturbavit,
496 3958 646 4040 cogitans,
677 3953 803 4036 qualiter
828 3973 893 4015 ιιιιιι
919 3953 956 4014 de
981 3953 1058 4013 dicta
1066 3969 1177 4032 poena
1206 3959 1215 3976 '

79 4047 226 4128 liberaret,
245 4052 397 4112 adiiciens:
944 4095 949 4100 .
1136 4097 1137 4100 ,

116 4143 178 4204 Ubi
203 4157 263 4204 tam
287 4143 547 4219 iudustrissimnm,
573 4155 662 4222 atque
680 4135 939 4226 praeclarissimum
959 4148 1094 4216 poetam,
1119 4155 1177 4201 neu

116 4255 178 4296 non
199 4249 229 4297 et
248 4235 545 4342 historiographqm'
535 4234 668 4296 invenire
688 4232 845 4342 queamus?

82 4323 132 4386 llis
146 4328 251 4404 dietis,
284 4327 439 4408 optimates
461 4328 521 4388 eius
546 4320 723 4404 siluerunt,
736 4338 767 4387 et
785 4327 874 4407 ipsius
894 4321 1057 4404 praeceptis
1076 4319 1178 4380 missus
1225 4362 1233 4385 ι

84 4430 125 4523 est
143 4421 326 4534 inexilium,
350 4433 383 4482 ut
405 4420 466 4483 illic
485 4421 677 4484 emularetur:
708 4421 789 4502 quod
815 4421 1003 4480 factumest.
1040 4415 1179 4495 Dumque
1244 4433 1254 4514 κ’

793 4511 957 4602 [ι’]
