2908 5094
306 361 313 390 t

121 651 125 666 ¹
266 631 356 704 nante
375 615 468 702 gratia
489 615 667 675 Sanctorum
687 610 829 674 advocata
855 605 1007 685 precihus,
1036 616 1085 662 me
1102 585 1214 680 nttqie
1231 599 1382 678 'Aposto-

269 717 325 778 lica
352 709 519 773 benedictio
546 711 756 786 consequatur,
781 713 812 760 et
835 697 1012 761 sanctissima
1037 696 1191 754 Romanae
1215 689 1381 752 Ecclesiae
1439 695 1440 736 t

270 809 361 882 sedes,
380 805 448 865 Deo
470 802 616 875 donante,
642 809 741 858 nestra
759 811 877 874 semper
897 791 1056 853 devotione
1080 786 1264 864 defendatur.
1305 785 1380 842 No·
1439 773 1440 808 Τ

267 913 357 964 strum
383 909 441 972 est,
466 893 624 954 secuudum
649 887 784 951 amilium
809 881 923 948 divinae
952 882 1084 965 pietatis,
1110 889 1239 940 sanctam
1257 875 1381 954 ubique

268 993 378 1055 Christi
398 986 560 1062 Ecclesiam
582 984 618 1044 ah
638 985 755 1043 incursu
774 997 957 1061 paganorum
984 987 1014 1035 et
1041 973 1077 1034 ab
1099 972 1260 1034 infidelium
1280 970 1379 1030 dera-
1438 975 1440 1038 ζ

266 1086 392 1148 statione
413 1081 498 1142 armis
519 1077 678 1138 defendere
697 1074 781 1148 loris,
801 1081 832 1132 et
850 1071 927 1130 intus
939 1065 1111 1130 Catholicae
1124 1065 1193 1126 fidei
1213 1061 1377 1146 agnitione

266 1177 390 1240 munire.
428 1176 564 1234 Vestrum
586 1182 638 1245 est,
658 1167 837 1228 sanctissime
857 1163 962 1236 Pater,
989 1159 1107 1222 elevatis
1128 1159 1164 1219 ad
1183 1159 1281 1218 Deum
1301 1175 1375 1214 cum

265 1273 370 1354 Moyse
389 1267 537 1350 manibus,
567 1274 698 1324 nostram
724 1259 861 1320 adiuvare
880 1254 1028 1325 militiam
1053 1263 1195 1332 quatemus
1214 1249 1300 1310 vobit
1322 1248 1374 1306 in-

71 1357 73 1364 ’
165 1403 166 1416 1
266 1358 494 1437 tercedcntihus,
513 1361 581 1420 Deo
604 1358 727 1422 ductore
747 1362 778 1411 et
797 1351 910 1422 datore,
930 1345 1057 1426 populus
1078 1343 1259 1405 Christianus
1279 1361 1389 1422 super·

255 1456 400 1520 inimicos
415 1452 464 1513 sui
484 1451 578 1512 sancti
597 1447 724 1509 nominis
752 1444 862 1524 ubique
882 1457 998 1519 semper
1019 1438 1126 1498 haheat
1144 1435 1315 1508 victoriam,
1343 1444 1373 1493 ct

266 1569 375 1609 nomen
395 1545 517 1607 Domini
537 1542 632 1603 nostri
650 1541 722 1600 Jesu
743 1535 854 1600 Christi
872 1545 939 1593 toto
952 1531 1127 1592 clarificetur
1137 1529 1168 1588 in
1189 1529 1273 1590 orbe.
1303 1528 1370 1584 Ve-

266 1655 342 1703 strae
361 1659 433 1701 vero
454 1635 633 1698 auctoritatis
653 1629 808 1713 prudentia
828 1625 967 1686 Canonce
993 1623 1103 1703 uhiqnc
1119 1634 1275 1702 aequatum
1294 1639 1369 1699 qua-

266 1747 352 1795 tenus
370 1731 460 1792 totius
479 1727 639 1790 sanctitatis
661 1721 791 1802 exempla
810 1720 946 1781 omnihus
973 1719 1126 1778 evidenter
1144 1717 1175 1776 in
1194 1726 1290 1776 restra
1309 1713 1369 1772 sul-

266 1825 358 1908 gean't
377 1823 612 1910 conversatione,
632 1831 662 1879 et
680 1828 797 1878 sanctae
818 1812 1027 1878 admonitionis
1052 1810 1215 1871 exhortatio
1235 1807 1372 1868 audiatur

266 1918 303 1980 ah
324 1938 391 1988 ore;
408 1927 561 1995 *quatenus
585 1913 626 1973 sic
645 1913 743 1972 luceat
762 1909 810 1969 lux
826 1917 924 1980 vestra
944 1927 1043 1966 coram
1063 1903 1246 1978 hominihus,
1270 1912 1304 1959 ut
1322 1900 1369 1959 vi-

196 2044 199 2055 »
268 2013 357 2072 deam
381 2029 472 2089 opera
496 2018 591 2068 vestra
611 2007 691 2066 bona
717 2016 747 2063 et
775 1999 944 2085 glorificent
962 1999 1079 2058 Patrem
1097 2009 1240 2070 vestrum,
1267 1993 1369 2074 quiin

262 2104 432 2190 paelicem.
481 2099 679 2180 Omnipotens
702 2097 784 2156 Deru
810 2106 922 2155 vestrae
948 2091 1128 2152 auctoritatis
1151 2087 1369 2151 Beatitudinem

268 2198 306 2258 ad
324 2206 440 2256 sanctae
460 2215 528 2255 suae
546 2191 697 2253 Ecclesiae
722 2187 928 2250 exaltationem
954 2186 1116 2267 permulta
1136 2202 1278 2246 annorum
1299 2199 1370 2238 cur-

174 2277 177 2284 ’
266 2290 357 2350 ricula
377 2287 553 2350 incolomem
574 2303 747 2347 conservare
768 2281 913 2363 dignetur.

621 2577 625 2588 ¹
717 2578 916 2594 ,Μ

742 2847 883 2918 xuvu.
985 2919 993 2934 ,

300 2981 359 3036 Ad
381 2977 568 3036 Alblmum
590 2975 827 3042 Menam-um
848 2979 888 3030 et
913 2973 964 3028 ert
982 2970 1332 3040 conuentione-

565 3059 618 3115 ΕΦ.
636 3059 800 3116 mantnt
821 3055 1067 3117 Menoeten-tl.
1323 3058 1340 3081 ‘

323 3199 360 3260 ln
385 3196 509 3270 nomine
531 3192 644 3268 Patris,
670 3205 700 3253 et
724 3193 794 3264 Filii
818 3205 849 3253 et
873 3192 999 3273 Spiritus
1016 3191 1127 3252 Sancti.
1166 3189 1291 3262 Karolus
1311 3199 1366 3248 etc.

268 3292 379 3352 Albino
399 3288 559 3354 venerabili
578 3287 721 3368 Magistro
741 3299 772 3348 et
791 3287 871 3346 omui
891 3283 1129 3367 Congrcgationi
1141 3280 1315 3344 Monosterii
1332 3279 1365 3338 S.

269 3373 399 3442 Martini.
437 3382 537 3442 Pridie
559 3401 644 3460 quam
665 3380 702 3440 ad
720 3391 850 3442 nostram
870 3377 1064 3460 praesentiam
1085 3375 1195 3438 anobis
1210 3375 1295 3436 missa
1314 3394 1364 3434 vc-

267 3471 358 3530 nisset
377 3471 510 3549 epistola,
530 3473 641 3537 adlatae
660 3484 729 3532 sunt
748 3473 834 3534 nohis
846 3471 1004 3544 litteracxa
1024 3468 1195 3530 Theodullo
1215 3468 1364 3548 Episcopo

265 3562 379 3637 missac,
401 3562 599 3644 querimonias
620 3563 806 3624 continentes
826 3566 862 3624 de
882 3562 1113 3627 inhonoratione
1124 3562 1278 3624 hominum
1297 3581 1364 3620 suo·

266 3675 341 3730 rum,
363 3665 392 3714 et
411 3675 472 3714 non
492 3667 551 3714 tam
572 3653 690 3714 illorum
710 3675 796 3732 quam
815 3655 958 3736 Episcopi
978 3656 1061 3716 huius
1073 3655 1206 3730 civitatis,
1226 3653 1272 3716 vel
1293 3673 1362 3714 con-

156 3762 162 3768 ·
267 3757 379 3824 temptu
398 3747 532 3811 iussionis
551 3747 666 3826 imperii
685 3747 787 3816 nostri.
833 3746 1112 3822 Quamviussioncm
1138 3749 1174 3810 de
1200 3746 1364 3808 redditione

147 3883 153 3898 ,
268 3837 418 3901 cuiusdam·
435 3838 544 3900 Clerici
565 3841 600 3900 de
622 3839 751 3899 custodia
771 3838 858 3918 ipsius
880 3841 979 3921 elapsi,
1000 3853 1030 3900 et
1048 3841 1079 3902 iu
1098 3841 1220 3900 Basilica
1242 3839 1363 3912 Sldar-

267 3931 323 4008 tini
342 3930 481 4004 latitantis
507 3932 560 3992 sub
581 3933 674 3994 nostri
694 3930 820 3992 nontinis
840 3934 1014 3994 auctoritate
1036 3933 1223 3994 conscribere
1233 3931 1364 3992 iussimus

269 4026 349 4091 cuius
370 4024 455 4088 etiam
475 4022 562 4086 uobis
583 4023 756 4103 exemplaria
775 4024 909 4099 misistis,
937 4024 968 4084 in
989 4027 1093 4106 quihus
1108 4046 1162 4088 nos
1183 4045 1363 4105 nequaquam

167 4201 175 4212 ξ
266 4118 372 4180 iniuste
399 4115 507 4196 aliquid
520 4116 693 4181 ldecrevisse
702 4159 716 4191 ,,
739 4128 772 4176 ut
795 4115 880 4177 vobis
903 4116 995 4178 visum
1021 4119 1093 4193 tuit,
1117 4129 1260 4197 putamus.
1304 4115 1363 4178 Sed

267 4229 332 4268 cum
351 4223 491 4288 utrasque
512 4207 666 4288 epistolas,
684 4221 809 4284 vestram
828 4207 941 4272 scilicet
959 4231 992 4272 ac
1010 4209 1186 4284 Theodulli,
1211 4209 1297 4270 nohis
1315 4229 1364 4270 re-

131 4322 135 4332 ’
250 4298 366 4381 ,legere
386 4302 569 4380 fecissemus,
593 4301 727 4382 asperior
751 4302 846 4376 multo
866 4303 952 4364 nobis
979 4316 1009 4366 et
1028 4325 1098 4372 cum.
1114 4303 1263 4364 iracundia
1283 4321 1363 4364 com·

264 4393 360 4474 posita
380 4406 474 4459 vestra
495 4415 582 4474 quam
595 4394 752 4456 Theodulfi
763 4395 916 4458 videbatur
934 4397 1069 4475 epistola,
1089 4407 1120 4456 et
1139 4397 1169 4458 in
1190 4395 1273 4456 nullo
1288 4415 1362 4476 erga
