2900 5086
288 589 354 650 liter
372 589 405 649 in
425 576 595 662 Saloninse,
626 595 657 648 ct
676 582 892 663 Scarponiuse,
921 593 951 642 et
970 579 1232 652 Calmontinse²⁸)
1258 590 1294 640 et
1315 579 1400 640 Ble-

287 681 442 759 sinse²⁹),
473 690 503 740 et
520 676 688 752 Rosalinse,
718 675 857 756 quicquid
876 675 908 738 in
932 675 1012 756 ipsos
1040 693 1131 756 pagos
1151 671 1228 734 risus
1246 693 1317 734 sum
1343 672 1402 732 ba-

287 772 375 850 bere,
393 783 452 834 tam
471 771 573 847 terris,
592 769 712 845 mansis,
732 768 854 848 campis,
873 768 978 849 pratis,
997 765 1090 842 silvis,
1112 766 1219 840 vineis,
1247 765 1345 826 cultis
1370 776 1403 825 et

287 864 419 944 incultis,
445 863 525 944 aquis
545 881 720 942 aquarumve
741 859 923 937 decursibus,
946 859 1113 940 mancipiis,
1136 857 1241 935 servis,
1259 857 1401 934 ancillis,

287 955 345 1018 litis
370 958 573 1034 undecumque
597 955 740 1016 moderno
766 965 901 1034 tempore
926 953 1043 1014 vestitus
1067 973 1144 1026 sum3
1164 961 1273 1012 totum
1300 951 1398 1010 etad

287 1050 434 1132 integrum
453 1046 551 1131 gregis
571 1068 635 1122 cum
656 1045 836 1128 pastoribus,
856 1057 886 1106 et
905 1065 992 1106 omne
1012 1043 1215 1124 subpellectile
1232 1044 1270 1104 ad
1288 1056 1398 1124 partes

215 1196 219 1205 .
287 1142 390 1205 Sancti
407 1139 545 1222 Dionysii
563 1161 582 1202 a
600 1140 646 1202 die
666 1149 834 1220 praesente,
863 1158 919 1218 pro
944 1139 1058 1200 animae
1080 1156 1164 1198 meae
1188 1147 1219 1198 et
1242 1138 1394 1226 genitore
1438 1181 1439 1184 ,

287 1253 355 1296 meo
380 1233 516 1308 Riculso,
546 1244 577 1294 et
600 1233 743 1315 genitrice
765 1252 831 1296 mea
849 1231 1066 1314 Ermengarde,
1096 1240 1127 1290 et
1150 1249 1293 1314 germano
1318 1250 1394 1318 meo

289 1325 468 1411 Gatstberto
490 1337 520 1386 et
538 1324 701 1388 Bonefacio
713 1328 782 1402 ⁸⁰),
811 1335 843 1386 et
860 1343 964 1386 sorore
982 1343 1047 1384 mea
1066 1323 1248 1398 Waldrane,
1279 1333 1311 1384 et
1331 1345 1392 1404 pro

287 1418 463 1500 genealogia
486 1437 569 1482 mea:
599 1428 633 1478 ut
655 1437 710 1496 per
734 1417 944 1480 intercessione
964 1415 1065 1478 Sancti
1083 1413 1223 1497 Dionysii
1248 1437 1317 1476 cuna
1339 1437 1391 1476 so-

288 1510 346 1572 ciis
357 1509 415 1572 suis
424 1530 588 1572 mereamur
603 1507 748 1590 adaepisci
758 1511 844 1574 vitam
859 1521 1016 1572 aeternam.
1047 1507 1188 1568 Similiter
1200 1507 1313 1570 Salona
1325 1510 1390 1585 ³¹),

228 1628 231 1640 ⁴
287 1604 338 1668 ubi
358 1603 508 1664 aedificavi
527 1601 679 1664 ecclesiam
698 1602 730 1664 in
755 1602 870 1664 bonore
889 1601 1015 1664 Sanctae
1033 1601 1160 1675 Mariae,
1187 1600 1241 1662 ubi
1264 1601 1388 1681 requie-

286 1707 372 1759 scunt
390 1696 515 1756 Sanctus
535 1695 668 1760 Privatus
687 1696 814 1774 Martyr‚
844 1694 967 1756 Sanctus
987 1696 1079 1756 llarus
1099 1692 1279 1770 Confessor,
1303 1694 1388 1772 quic-

285 1789 359 1866 quid
379 1788 487 1848 ibidem
507 1789 605 1850 datum
624 1788 680 1848 suit
699 1788 735 1848 de
756 1785 871 1848 conlata
891 1787 1024 1868 populi‚=
1039 1798 1069 1848 et
1086 1787 1149 1866 ipse
1168 1785 1296 1866 populus
1315 1787 1387 1846 mibi

287 1879 420 1952 tradidit;
440 1881 538 1942 omnia
558 1893 638 1942 etex
656 1877 802 1954 omnibus,
821 1878 896 1940 sicut
913 1900 968 1960 per
986 1890 1190 1940 testamentum
1209 1897 1310 1940 meum
1329 1879 1385 1940 iam

288 1972 529 2050 eonfirmaviee),
548 1993 564 2032 a
584 1971 712 2052 partibus
730 1970 831 2032 Sancti
846 1971 985 2053 Dionysii
1002 1972 1065 2053 ipsa
1083 1970 1158 2032 cella
1178 1971 1286 2032 debeat
1305 1972 1382 2052 aspi-

204 2119 210 2132 ,
288 2084 375 2141 cere,
392 2077 452 2124 tam
471 2065 533 2126 illas
554 2064 813 2138 commutationes,
833 2083 908 2143 quae
928 2085 993 2126 cum
1012 2063 1213 2146 Augalramno
1232 2064 1384 2146 Episcopo
1438 2121 1439 2130 ,

255 2187 258 2208 ι
287 2156 426 2236 feci⁸³),
457 2176 601 2236 quamque
615 2169 655 2218 =et
679 2157 806 2236 reliquas
830 2156 1086 2228 commutationem
1114 2157 1246 2218 similiter
1269 2169 1301 2218 et
1326 2155 1383 2218 alia
1411 2175 1414 2182 ·
1438 2203 1439 2230 ᾗ

275 2247 378 2325 ¹cella,
408 2267 481 2329 quae
507 2248 616 2309 dicitur
630 2247 945 2327 Audaldovillare³⁴),
973 2249 1023 2310 ubi
1042 2249 1166 2312 Sanctus
1186 2250 1307 2331 ipolitus
1329 2270 1383 2312 re·

288 2340 425 2420 quiescit;
444 2353 475 2402 et
493 2341 578 2406 tertia
597 2341 671 2404 cella
690 2341 766 2402 infra
785 2352 864 2402 vasta
882 2342 986 2424 Vosgn
1005 2343 1170 2420 aedificari,
1188 2343 1238 2404 ubi
1257 2341 1382 2414 Sanctus
1438 2355 1439 2414 ζ

289 2421 456 2496 Cocovat'us
475 2434 633 2514 requiescit
652 2454 740 2514 super
759 2432 879 2494 fluvium
898 2433 1014 2522 issima,
1038 2457 1114 2516 quae
1134 2437 1240 2500 dicitur
1256 2435 1380 2498 Fulrada
1438 2445 1439 2452 ’

288 2523 438 2605 cella³⁸):
458 2522 592 2588 similiter
611 2537 713 2604 quarta
733 2525 805 2588 cella
824 2525 899 2588 infra
918 2525 1081 2606 Alamauia,
1101 2551 1175 2609 quae
1192 2529 1378 2592 diciturbri-

286 2613 455 2700 bertingas,
481 2619 531 2678 ubi
555 2618 680 2680 Sanctus
699 2619 832 2680 Veranus
856 2619 1092 2700 requiescit³⁰);
1121 2623 1257 2686 similiter
1283 2622 1379 2703 quinta
1438 2683 1439 2698 ,

158 2759 172 2789 ,Ι
288 2708 378 2784 cella,
397 2709 447 2768 ubi
467 2709 591 2772 Sanctus
610 2711 714 2772 Vitalis
733 2711 899 2792 requiescit,
918 2729 1005 2792 super
1022 2714 1140 2782 flurium
1157 2716 1283 2793 Nettra,
1308 2737 1378 2796 quae

286 2799 371 2860 Hafti
395 2801 466 2859 mibi
490 2793 624 2873 tradidit,
654 2813 910 2882 quantumcunque
935 2807 971 2866 ad
994 2807 1069 2888 ipsas
1088 2806 1216 2888 aspicere
1234 2809 1378 2885 videnum,

286 2899 319 2948 et
338 2887 455 2950 conlata
473 2890 576 2970 populi
595 2891 702 2952 ibidem
728 2893 889 2978 delegavit,
914 2909 973 2958 tam
992 2900 1094 2975 terris,
1119 2902 1239 2978 mansis,
1263 2905 1377 2983 campis,

286 2981 387 3062 pratis,
406 2982 499 3060 silvis,
520 2985 649 3065 pascuis,
669 2986 765 3067 aquis,
784 3009 960 3069 aquarumve
980 2985 1165 3071 de'c'ursibus,
1183 2993 1288 3070 vineis,
1305 2995 1377 3056 serl-

286 3074 386 3149 nariis,
404 3096 509 3158 greges
527 3099 591 3138 cum
606 3079 779 3158 pastoribus,
796 3083 895 3158 serris,
914 3083 1038 3160 ancillis,
1057 3085 1125 3164 litis,
1143 3107 1255 3166 aurum,
1273 3108 1376 3170 argen-
1438 3087 1439 3170 l

285 3177 365 3244 tum,
391 3169 523 3247 codices,
548 3191 680 3248 eramen,
705 3185 876 3256 ornamenta
896 3175 1097 3262 ecclesiarum,
1122 3178 1243 3258 patellas
1262 3182 1298 3242 ad
1315 3182 1375 3247 salo

255 3277 261 3290 ’
285 3259 453 3323 faciendum
474 3264 506 3324 in
525 3263 591 3325 vico
611 3263 752 3341 Bodatio,
778 3285 829 3326 seu
847 3268 980 3330 marsallo
1000 3289 1061 3330 uuo
1081 3291 1148 3332 cum
1166 3274 1249 3338 sessis
1269 3294 1375 3352 eorum,

285 3351 361 3412 sicut
380 3354 452 3430 dixi,
476 3367 506 3416 et
525 3377 613 3418 omne
632 3357 849 3438 subpellectile,
867 3372 1123 3443 quantumcunque
1143 3365 1180 3426 ad
1198 3367 1275 3447 ipsas
1293 3369 1374 3430 cellas

285 3455 435 3522 repertum
455 3447 553 3525 luerit,
571 3461 664 3510 totum
686 3462 716 3512 et
735 3452 771 3512 ad
789 3451 935 3536 integrum
956 3475 972 3516 a
991 3453 1038 3518 die
1058 3469 1211 3538 praesente
1230 3463 1267 3522 ad
1282 3474 1371 3542 partes

237 3547 242 3561 “
262 3581 267 3588 .
285 3533 388 3596 Sancti
407 3538 543 3620 Dionysii
564 3541 709 3624 delegavi;
738 3554 769 3604 et
788 3545 855 3606 dum
875 3566 933 3630 ego
958 3547 1073 3624 vixero,
1103 3551 1179 3631 ipsas
1198 3573 1245 3614 res
1264 3555 1294 3614 in
1310 3573 1370 3615 mea

284 3637 430 3706 potestate
458 3629 568 3694 habere
589 3634 725 3711 debeam,
755 3649 823 3715 post
840 3659 937 3700 meum
957 3661 1075 3722 quoque
1095 3643 1249 3706 discessum
1270 3647 1370 3726 absque

284 3717 372 3780 ullius
396 3721 497 3786 iudicis
520 3727 754 3792 contradictione
779 3750 795 3788 a
822 3733 951 3809 partibus
972 3734 1073 3796 Sancti
1091 3736 1228 3818 Dionysii
1253 3739 1370 3802 debeant

284 3823 444 3891 reuertere,
464 3830 494 3878 et
512 3819 605 3880 nullas
624 3819 747 3884 heredes
760 3843 951 3906 meorumque
970 3839 1144 3908 potestatem
1160 3827 1288 3892 babeant
1302 3853 1368 3893 con-

283 3914 329 3967 tra
349 3903 424 3966 hauc
442 3910 598 3974 traditione
618 3935 682 3975 mea
702 3935 799 3998 agere.
827 3919 911 3992 Etsi
930 3922 1089 3998 conaverit,
1108 3921 1217 3986 inferat
1235 3945 1291 3984 uua
1309 3945 1369 3986 curu

284 3998 415 4069 sociante
439 4000 509 4062 fisco
535 4023 606 4064 auro
626 4006 713 4101 libyas
734 4009 959 4093 quinquaginta,
982 4027 1106 4100 argento
1127 4017 1242 4096 pondus
1260 4028 1368 4080 centum

284 4102 402 4152 coactus
416 4093 557 4170 ‘exsolvat
577 4107 608 4154 et
627 4102 706 4177 qnod
725 4103 834 4182 repetit
852 4104 1016 4166 evindicare
1035 4129 1097 4170 non
1116 4107 1222 4188 valeat,
1242 4131 1306 4173 cum
1321 4111 1367 4172 sti-

283 4181 440 4274 pulatione,
453 4186 651 4266 subnexa³⁷).
689 4191 796 4256 Actum
815 4195 932 4276 publice
953 4199 1126 4278 Haristalio,
1145 4223 1224 4264 anno
1244 4223 1321 4264 nono
1340 4214 1367 4262 et

283 4285 387 4348 quarto
412 4292 555 4360 regnante
577 4279 687 4344 Carolo
713 4285 921 4366 gloriosissimo
940 4291 1023 4374 Rege
1043 4294 1225 4356 Francorum
1249 4308 1280 4356 et
1295 4297 1366 4356 ban·
1436 4319 1439 4332 “

216 4397 220 4420 .
282 4351 496 4450 gobardomm,
529 4387 617 4456 atque
654 4377 778 4457 patricio
809 4381 1008 4446 Romanorum
1024 4385 1085 4463 ³⁸).
1136 4388 1204 4470 Ego
1232 4387 1368 4452 Folradus
