2908 5094
55 623 218 685 ceritatem
236 612 428 703 reperientes,
447 623 567 705 magnas
588 625 797 706 omnipotentis
814 608 876 688 Ilei
896 629 1068 695 clementiae
1086 647 1167 696 retu-

54 717 150 776 limus
176 725 281 798 grates.
329 715 408 776 Illud
434 727 546 791 autem,
568 717 653 795 quod
678 719 764 780 uobis
787 733 884 782 restra
908 723 1040 785 innotuit
1061 729 1167 810 regalis

54 810 205 870 Potentia
235 830 290 890 per
313 831 399 868 suum
422 807 621 868 fidelissimum
645 809 779 894 Missum,
809 815 922 876 scilicet
949 816 1169 882 Garamannum
1254 847 1260 852 ·
1324 849 1329 858 .

52 903 226 984 gloriosum
245 903 373 976 Ducem,
392 921 449 980 pro
467 901 607 962 «Iohanne
627 903 776 966 Monacbo
796 921 883 988 atque
903 908 1096 992 Presbytero,
1116 915 1167 992 qui
1270 977 1274 984 ⁴

51 997 145 1057 sicuti
166 997 199 1056 iu
218 996 323 1059 vestris
350 991 536 1055 relere'hatur
559 994 709 1077 regalibus
735 998 881 1086 apicibus,
908 1003 945 1062 de
970 1005 1168 1084 captivatione

52 1091 231 1165 hominum,
256 1101 288 1149 et
314 1091 350 1150 de
374 1087 437 1148 aliis
457 1085 565 1147 illicitis
586 1089 694 1164 causis,
715 1111 791 1170 quae
811 1113 827 1152 a
845 1096 939 1174 pravis
958 1109 1171 1178 perpetrantur

51 1183 242 1257 bominibus,
261 1182 346 1244 vobis
356 1179 544 1255 enuntiasset,
563 1192 605 1256 ut,
624 1181 693 1243 Deo
707 1183 851 1263 propitio,
870 1206 923 1264 per
934 1201 1059 1251 restrum
1079 1213 1166 1274 prae·
1261 1251 1266 1271 ,
1370 1184 1376 1196 “

51 1278 177 1337 celsum·
191 1275 293 1358 regale
314 1273 484 1354 dispositum
504 1273 726 1356 corrigerentur
744 1276 792 1338 vel
807 1279 1044 1355 emendarentur;
1064 1305 1167 1364 quem-

49 1371 221 1430 admodum
241 1389 257 1428 a
276 1366 362 1428 nohis
374 1366 513 1448 poposcit
531 1367 638 1449 regalis
657 1368 806 1447 Potentia,
827 1370 935 1431 libenti
949 1393 1020 1453 xeuru
1038 1377 1166 1458 suscepi-

50 1485 122 1523 mus
145 1463 261 1538 animo,
285 1460 424 1534 solitcin
444 1459 582 1522 omnihus
605 1462 709 1524 vestris
733 1465 961 1526 accomodantcs
984 1467 1068 1526 votis'.
1106 1471 1167 1529 Ta-

51 1558 113 1617 lem
142 1577 263 1636 prorsus
287 1555 392 1616 scimus
409 1565 540 1615 uestram
566 1554 696 1638 regalem
722 1557 952 1635 Excellentiam,
977 1559 1045 1639 quia
1068 1560 1099 1620 in
1123 1561 1170 1620 his

52 1649 168 1710 nullius
192 1660 263 1730 eget
285 1648 470 1723 monitione,
497 1648 580 1727 quia,
609 1647 742 1710 Domino
768 1651 989 1732 coopitulante,
1018 1653 1168 1732 beatoque

51 1743 274 1824 Apostolorum
293 1741 429 1823 principe
449 1741 542 1802 Petro
561 1761 617 1820 pro
637 1741 704 1822 ipso
724 1763 841 1824 semper
855 1745 1048 1830 suffragante,
1067 1767 1168 1809 ueram

55 1835 317 1916 praedicationem
337 1833 519 1896 orthodoxae
539 1833 619 1910 fidei,
639 1853 726 1913 quam
745 1835 782 1896 ah
804 1837 866 1898 eius
884 1838 1173 1920 suscepitllcclesia,
1202 1829 1209 1842 ³

52 1929 188 1990 illaesa'm
208 1940 297 2008 atque
315 1925 498 2007 immobilem
509 1939 626 2001 tenens,
644 1927 783 2008 ultroque
796 1930 1086 2012 irreprehensibilem
1105 1933 1170 1994 sine

52 2020 186 2096 macula,
203 2019 323 2080 vibrans
343 2020 461 2094 exultat,
480 2029 568 2106 atque
587 2018 775 2114 {Quibus
794 2025 911 2104 penitus
931 2025 1036 2109 fulget,
1056 2038 1169 2088 elnon
1251 2045 1254 2050 '
1362 2040 1367 2090 ἰ

55 2113 170 2174 desinit
191 2111 356 2172 emendare
381 2129 485 2172 sacros
510 2121 597 2188 atquc
621 2111 739 2192 iniquos
766 2101 944 2198 callidosque
969 2121 1169 2184 hominesah

28 2207 168 2268 ‘illicitis
189 2205 312 2266 actibus.
357 2203 421 2286 Sed
444 2213 475 2264 et
503 2201 635 2282 captivos
659 2204 690 2262 iu
714 2225 765 2264 sua
788 2211 909 2287 propria
927 2216 1036 2275 reverti
1057 2216 1169 2278 crebris

54 2301 131 2362 fecit
150 2297 265 2360 diebus.
303 2297 392 2357 Fatus
413 2297 524 2378 quippe
552 2308 597 2357 est
616 2296 703 2356 nohis
722 2299 870 2376 praefatus
889 2303 1042 2366 Johannes
1060 2309 1170 2369 Mona-

54 2394 131 2454 chus
157 2391 225 2470 quia
251 2389 366 2450 dixisset
388 2389 473 2450 vohis
496 2402 531 2450 ut
550 2389 657 2468 omnis
686 2389 853 2471 Episcopus
883 2394 1024 2473 spiritalia
1055 2407 1173 2458 teneret
1275 2417 1278 2433 ¹

56 2507 153 2561 arma,
174 2495 205 2544 ct
224 2502 287 2542 non
305 2493 439 2542 terrena:
461 2495 603 2562 quatenus
623 2483 647 2543 si
666 2483 706 2544 ita
733 2496 777 2544 cst
797 2485 865 2564 quia
889 2485 1025 2548 militaria
1044 2489 1172 2554 induunt

57 2599 156 2653 arma,
182 2577 334 2636 hortantes
352 2586 468 2636 vestrae
493 2576 671 2636 notescimus
698 2598 714 2636 a
733 2577 802 2638 Deo
823 2591 978 2658 protectae
997 2583 1091 2666 regali
1110 2585 1169 2644 Ex-

58 2670 228 2746 cellentiac,
247 2680 281 2729 nt
300 2669 474 2730 nullomodo
500 2671 541 2731 sic
561 2669 626 2730 fieri
646 2659 808 2750 permittat:
838 2671 890 2731 sed
915 2693 1115 2756 quoscumque
1135 2678 1169 2737 iu

60 2763 199 2844 quolibet
219 2762 328 2823 deferri
348 2764 429 2844 cupit
454 2763 535 2839 loco,
557 2776 617 2824 tam
642 2764 786 2844 Episcopi
811 2785 898 2844 quam
923 2766 1095 2849 Presbyteri
1119 2791 1170 2832 or-

60 2855 209 2919 thodoxae
228 2856 297 2916 fidei
317 2857 431 2940 galeam
452 2868 482 2918 et
501 2856 600 2918 salutis
620 2857 716 2918 induti
736 2878 830 2933 arma,
857 2859 1045 2924 orationihus
1064 2887 1169 2928 vacare
1253 2844 1257 2855 ¹
1321 2893 1341 2930 ,·

61 2951 195 3032 gnaviter
213 2949 361 3027 studeant,
381 2963 412 3010 et
431 2962 539 3010 cuncto
560 2949 673 3032 populo
694 2969 744 3025 ea,
771 2971 845 3028 quae
865 2973 922 3030 pro
941 2954 1035 3016 salute
1055 2957 1170 3018 animae

62 3058 138 3119 sunt,
151 3043 288 3124 „spiritale
309 3055 417 3126 gerant
435 3037 575 3106 officium.
617 3043 719 3104 Ceteri
739 3061 810 3104 vero
820 3043 965 3123 Episcopi
981 3059 1069 3125 atque
1081 3049 1169 3112 Prcs-
1204 3066 1216 3088 ·

62 3137 157 3219 hytcri
182 3137 214 3196 in
240 3157 343 3196 corum
367 3137 511 3218 degentes
534 3135 691 3209 Ecclesiis,
721 3135 864 3198 canonice
888 3139 1088 3217 unusquisque
1114 3160 1170 3218 per

62 3223 189 3296 vestium
212 3229 312 3310 regale
342 3229 576 3290 robustissimum
607 3229 784 3310 praesidium
810 3249 893 3288 suum
922 3227 1041 3288 valeant
1064 3249 1170 3310 regere

61 3325 204 3408 populum
224 3343 241 3381 a
259 3323 327 3382 Deo
347 3321 404 3382 sibi
424 3323 622 3384 commissum

115 3418 216 3478 Porro
245 3413 282 3474 de
308 3413 490 3475 revelatione
516 3415 644 3474 eiusdem
669 3409 816 3472 Johannis
835 3409 991 3489 Monachi,
1013 3411 1088 3474 sicut
1108 3417 1169 3480 cius
1197 3479 1204 3491 ,

65 3509 215 3573 referebat
233 3507 347 3568 locutio
368 3528 437 3569 vere
457 3507 599 3568 fantasma
622 3527 683 3567 csse
705 3504 889 3569 existimatur.
920 3505 1070 3568 Dicebant
1091 3513 1169 3573 enim

67 3602 143 3686 quod
162 3600 239 3664 vidit
264 3599 366 3681 primis
392 3600 423 3659 in
454 3601 563 3662 somnis
589 3601 686 3662 caelos
715 3610 850 3680 apertos,
876 3608 907 3658 et
931 3600 1079 3664 dexteram
1097 3605 1173 3680 Dei,

67 3692 168 3774 deinde
188 3693 263 3757 vidit
282 3695 472 3773 postmodum
494 3694 637 3755 somnium
658 3693 747 3769 aliud,
766 3705 878 3752 turrem
898 3713 1045 3774 magnam,
1066 3708 1096 3757 et
1116 3700 1168 3761 de.

65 3776 234 3848 sccndeutes
253 3785 403 3870 Angelos,
435 3787 513 3848 inter
538 3809 611 3867 qnos
636 3787 710 3848 vidit
734 3786 863 3866 speciem
889 3785 1016 3846 hominis
1037 3789 1094 3851 alas
1114 3793 1168 3854 ha.

65 3877 158 3941 bentis
178 3879 310 3960 aquilae,
333 3880 504 3960 mortuique
526 3881 689 3956 existentis,
719 3891 749 3940 et
776 3878 862 3938 aliam
887 3879 1014 3956 speciem
1039 3883 1168 3944 hominis

16 4011 17 4054 ;
65 3971 120 4034 alas
138 3973 297 4044 habentem
318 3972 516 4054 columbinas,
537 3985 567 4033 ct
586 3973 747 4034 dicentem:
776 3971 855 4048 Quia
874 3971 922 4034 hic
942 3985 987 4036 est
1005 3975 1081 4034 filius
1099 3973 1168 4032 Dei.

16 4075 17 4150 }
67 4066 150 4148 hbsit
174 4066 251 4126 enim
277 4087 294 4127 a
318 4063 447 4127 bdelium
473 4067 611 4128 cordibus
635 4079 669 4126 ut
693 4065 765 4127 fides
792 4063 1027 4128 Christianorum
1049 4075 1169 4126 mortua

16 4155 17 4166 ¹
68 4152 126 4220 csse
155 4159 350 4240 praedicetur.
406 4159 469 4220 Nos
499 4159 578 4220 enim
613 4159 743 4239 speciem
767 4159 882 4240 aquilae
903 4160 970 4220 'alas
992 4157 1169 4236 habentem,

68 4249 137 4313 sicut
155 4275 171 4314 a
191 4251 297 4314 sanctis
317 4251 494 4330 suscepimus
514 4252 666 4334 Patribus,
697 4253 866 4314 Jobannem
884 4249 1102 4332 Evangelistam
1121 4265 1168 4314 te-

70 4356 182 4423 stamur,
201 4347 252 4426 qui
271 4355 384 4406 secreta
405 4345 541 4405 caelestia
564 4345 732 4408 hominibus
758 4346 922 4428 praedicat;
959 4341 996 4401 In
1020 4343 1168 4427 principio

70 4451 129 4500 crat
150 4443 301 4515 Verbum,
326 4448 382 4500 etc.
428 4438 464 4498 ln
488 4438 587 4520 specie
613 4461 686 4504 vcro
713 4439 877 4502 Columbae
905 4434 1031 4518 Spiritus
1052 4451 1168 4504 sanctus
1199 4523 1205 4530 ·

742 4529 791 4580 ‚v
852 4533 929 4654 m
