2908 5094
762 421 849 494 loe

313 585 397 648 Lm.
435 584 480 648 Ut
498 582 704 690 unusquispue.
719 579 805 644 iudex
823 577 994 659 praevident
1012 574 1138 656 qualiter
1150 574 1285 636 bomines
1305 594 1366 636 no-

185 737 188 746 ,
257 680 313 744 stri
328 681 366 744 de
385 697 490 742 corum
508 677 678 738 ministerio»
697 675 825 741 latrones
851 671 900 735 rel
926 669 1052 735 malefici
1077 669 1160 732 nulio
1187 669 1278 732 modo
1301 687 1367 730 esse

259 774 397 857 petrini..
701 812 705 823 ·
737 827 741 832 .
1068 799 1072 829 c

267 887 270 904 ·
314 866 395 932 Ltv.
436 865 481 924 Ut
508 861 729 942 unusquisque·
748 857 835 922 index
869 857 1041 939 praevideat
1075 867 1219 938 quatenus
1255 853 1371 916 familia

258 971 359 1024 nostre
390 959 426 1026 ad
452 977 554 1022 corruo
580 975 654 1036 opor
683 951 763 1016 bere
789 951 906 1014 laboret
930 963 961 1014 et
990 972 1045 1032 per
1074 960 1202 1014 mereata
1231 949 1368 1012 vacando

258 1075 322 1118 non
342 1063 399 1116 eat.

314 1145 380 1208 ΙΝ,
417 1144 560 1206 totamm
580 1152 615 1205 ut
633 1138 772 1220 quiequid
791 1137 828 1202 ad
847 1149 980 1200 nostrum
1000 1159 1076 1220 opus
1094 1137 1205 1200 iudices
1217 1135 1368 1211 dederint,

205 1309 208 1318 ,
257 1237 305 1302 vel
325 1237 488 1312 servierint,
509 1247 559 1295 aut
577 1231 825 1315 sequestraverint
844 1231 875 1292 in
895 1252 956 1296 uno
969 1233 1058 1294 breve
1077 1228 1227 1291 conscribi
1245 1227 1370 1302 iaciant,

213 1332 217 1350 “
258 1342 290 1394 et
307 1330 449 1411 quicquid
468 1326 700 1409 dispensaverint
718 1325 749 1386 in
769 1323 840 1403 alio,
860 1337 890 1388 et
909 1325 991 1406 qnod
1010 1324 1157 1404 reliquum
1169 1321 1259 1391 inerit
1277 1320 1367 1383 nobis

259 1444 316 1506 per
335 1423 456 1490 breuem
471 1420 671 1486 innotescant.

313 1515 398 1578 LVI..
431 1516 475 1576 Ut
492 1513 691 1593 unusquisque
709 1511 798 1575 iudex
815 1511 848 1575 io
867 1532 970 1580 eorum
989 1511 1154 1576 ministerio
1181 1508 1366 1588 frequentius

257 1609 420 1670 audientias
439 1619 551 1682 teneat,
571 1619 601 1667 et
618 1605 757 1668 iustitiam
776 1603 881 1680 faciat,
901 1616 932 1666 et
951 1605 1121 1686 praevideat
1141 1603 1267 1686 qualiter
1285 1613 1366 1665 recte

257 1701 387 1766 familias
406 1711 526 1762 nostrae
544 1700 652 1763 vivant

290 1793 411 1864 ‚LVIL
452 1792 485 1854 Si
510 1793 616 1873 aliquis
638 1813 674 1854 ex
699 1791 792 1854 serris
822 1789 930 1852 nostris
964 1813 1052 1872 super
1080 1791 1252 1872 magistrum
1282 1809 1367 1848 suum

259 1886 347 1956 nobis
371 1887 410 1952 de
436 1907 520 1948 eausa
544 1887 656 1966 aliquid
680 1885 771 1948 veliet
796 1884 910 1960 dicere,
941 1885 1001 1948 vias
1033 1886 1060 1950 ei
1086 1885 1125 1948 ad
1149 1904 1205 1948 uos
1229 1881 1368 1946 veniendi

258 1997 323 2040 non
341 1979 537 2057 sonnatius,
557 1992 587 2042 et
606 1979 631 2042 si
649 1979 735 2044 iudex
754 1977 931 2060 cognoverit
955 1979 1035 2057 quod
1060 1977 1191 2038 iuniores
1217 1975 1298 2036 illius
1315 1975 1367 2038 ad-

258 2089 359 2141 vertus
374 2091 445 2142 eunt
465 2075 502 2134 ad
521 2073 661 2154 palatium
680 2070 890 2152 proclamando
911 2069 1128 2146 retinemini,
1146 2081 1218 2136 tunc
1237 2068 1302 2148 ipsc
1320 2067 1368 2126 iu-

153 2235 154 2242 *
261 2163 317 2224 der
342 2175 446 2225 contra
472 2186 523 2227 eos
549 2166 680 2226 rationes
711 2164 876 2225 deducendi
905 2165 942 2225 ad
971 2165 1111 2244 palatium
1137 2162 1237 2226 venire
1268 2160 1371 2236 faciat,

261 2255 388 2336 qualiter
407 2277 511 2320 eorum
531 2256 724 2339 proclamatio
744 2257 776 2319 in
796 2258 915 2321 auribus
935 2257 1044 2320 nostris
1063 2255 1209 2322 fastidium
1228 2263 1293 2322 non
1312 2275 1370 2336 ge-

202 2417 204 2429 r
261 2340 425 2426 neret,.'et
443 2352 490 2414 sic.
503 2351 638 2421 volumus
665 2365 848 2432 cognoscere
874 2361 973 2413 utrum
993 2371 1027 2413 er
1053 2349 1244 2424 necesitate,
1274 2367 1314 2408 an
1336 2368 1372 2410 er

264 2443 423 2506 occasions
443 2444 572 2508 veniant.
715 2498 718 2506 ,
822 2483 830 2500 .

316 2535 429 2599 LVIII.
469 2535 600 2610 Quando
625 2535 764 2613 mrelti1)
788 2534 884 2596 nostri
908 2534 1061 2598 indicibus
1078 2533 1278 2600 commendati
1302 2533 1371 2593 sue-

185 2657 192 2670 s
260 2627 326 2694 rint
340 2629 378 2696 ad
397 2626 601 2704 nutriendum,
615 2628 688 2716 'ipse
715 2628 801 2690 iudex
819 2629 857 2690 de
877 2647 930 2690 suo
951 2651 1003 2690 eos
1023 2631 1148 2706 nutriat,
1174 2641 1224 2690 aut
1243 2627 1371 2694 iuniori-

260 2721 395 2792 bussnir
414 2721 446 2784 id
465 2731 510 2782 est
527 2721 702 2797 maioribus,
716 2734 759 2784 vet
777 2721 911 2796 decanis,
935 2722 983 2786 rel
1008 2723 1166 2794 cellerariis
1186 2723 1266 2802 ipsos
1286 2743 1372 2784 com·

260 2813 401 2872 mendare
422 2811 525 2887 faciat,
547 2825 688 2892 quatenus
717 2813 753 2874 de
773 2813 892 2873 illorum
913 2835 995 2876 eausa
1023 2835 1074 2876 eos
1094 2815 1172 2876 bene
1191 2815 1305 2876 nutrire
1325 2814 1372 2874 fa-

261 2903 352 2980 cisat,
370 2903 426 2966 nisi
445 2903 523 2964 forte
541 2904 632 2970 iussio
651 2919 752 2974 nostra
777 2917 829 2971 aut
846 2907 966 2990 reginae
987 2907 1092 2982 luerit,
1121 2920 1154 2970 ut
1172 2909 1204 2971 in
1223 2908 1293 2972 rilla
1313 2929 1372 2968 no-

261 3008 321 3062 stre
341 3017 377 3060 ex
395 3008 498 3059 nostro
519 3017 570 3064 eos
589 2999 733 3076 nutriant,
750 3013 782 3064 et
799 3013 869 3062 time
889 3001 952 3082 ipse
972 3001 1058 3062 iudex
1083 3002 1234 3076 bominem
1254 2997 1292 3072 ad
1311 3002 1373 3062 boc

264 3109 341 3172 opus
358 3089 535 3170 mittamini
554 3091 633 3172 ipsos
653 3093 732 3156 bene
752 3095 873 3172 nutriat,
894 3107 924 3158 et
943 3105 1082 3184 segreget
1094 3095 1172 3166 unde
1192 3094 1374 3170 nutriantur,

262 3193 295 3248 et
311 3203 374 3253 non
392 3183 432 3246 eit
449 3182 493 3242 iili
512 3183 628 3244 bomini
648 3187 781 3264 quotidie
801 3187 957 3252 necessitas
978 3189 1014 3248 ad
1033 3209 1130 3252 scuras
1148 3207 1313 3250 recurrere.

310 3277 397 3346 tm.
418 3277 644 3358 ¹Unusquisque
664 3279 750 3343 iudex
775 3281 893 3362 quando
919 3281 1059 3343 servierit·
1076 3301 1130 3360 per
1154 3280 1287 3364 singulos
1308 3281 1372 3345 dies

264 3367 334 3428 dare
355 3371 444 3430 faciat
464 3372 501 3430 de
521 3393 589 3432 cera
608 3371 697 3434 libras
717 3374 775 3450 111,
795 3376 831 3436 de
851 3395 962 3458 sapone
982 3374 1105 3439 sextaria
1124 3375 1211 3449 VIII,
1232 3385 1372 3454 etsuper

262 3459 379 3523 hosat
398 3459 584 3522 festivitatem
604 3468 697 3526 saneti
715 3467 868 3544 Andreae,
893 3468 1063 3548 ubicunque
1086 3487 1156 3530 oum
1178 3467 1292 3528 familia
1313 3489 1372 3527 no-

263 3551 492 3628 strasnerimus,
511 3553 580 3614 dare
600 3557 715 3620 studeat
734 3558 771 3618 de
791 3581 858 3622 cera
877 3562 966 3624 libras
986 3562 1049 3636 vl,
1067 3559 1203 3634 similiter
1221 3561 1373 3622 mediante

263 3644 484 3728 quadragesima
494 3646 534 3723 ²).

319 3735 382 3797 LX.
420 3739 612 3819 Nequaquam
637 3741 673 3808 de
698 3713 915 3822 potentioribus
941 3745 1108 3810 horninibus
1136 3747 1263 3813 maiorer
1288 3749 1374 3826 liant,

263 3830 314 3894 sed
333 3831 371 3892 de
387 3831 587 3897 mediocribus
608 3835 658 3914 qui
677 3835 779 3901 fideles
799 3836 865 3898 siut.

320 3923 400 3986 LXI.
437 3924 482 3986 Ut
504 3927 703 4008 unusquisque
729 3929 814 4000 iudex
840 3931 959 4008 quando
988 3933 1124 4002 tervierit
1155 3955 1223 3996 suos
1249 3935 1371 4000 bracios

265 4017 303 4083 ad
322 4017 462 4098 palatium
482 4017 590 4080 ducere
609 4021 710 4098 iaciat,
729 4033 760 4082 et
777 4021 863 4084 simul
874 4024 994 4084 veniant
1005 4026 1137 4108 magistri
1155 4028 1207 4108 qui
1227 4029 1371 4092 cervisam
1452 4063 1453 4088 u

266 4109 376 4175 bonam
394 4110 506 4172 ibidem
526 4112 624 4172 facere
644 4114 781 4175 debeant.
814 4165 816 4170 .

322 4203 415 4268 LXII.
454 4207 498 4265 Ut
527 4206 726 4287 unusquisque
757 4205 843 4269 iudex
871 4229 926 4289 per
949 4209 1080 4294 singulos
1105 4234 1198 4275 annos
1225 4235 1259 4276 er
1285 4219 1372 4278 omni
1452 4187 1453 4192 ἵ

266 4348 464 4364 m

308 4421 329 4469 ¹)
345 4420 438 4470 flenda.
465 4453 490 4463 -
518 4430 540 4479 ὓ)
553 4425 683 4472 lliitfetten.
