2908 5094
575 445 662 518 let

61 602 218 684 Pippiuus
235 622 307 669 seru
322 612 358 664 et
377 602 487 664 exitam
509 610 542 662 et
560 599 720 682 ingressum
747 621 803 683 par
824 599 1062 696 mentionees
1083 613 1172 686 atque

63 696 197 760 Curiam·
262 719 283 756 .'
394 742 397 753 .
486 749 488 754 .
591 712 594 720 '
738 717 770 754 :.·.
1134 716 1170 758 .:.

119 791 176 852 IV.
217 791 305 856 flaua
323 801 422 852 autem
439 787 494 850 tali
514 787 619 848 ordine
639 786 833 867 dispdniauns,
857 799 891 849 ut
910 788 938 849 si.
952 789 1097 866 Kal-olus,
1122 793 1173 872 qai

60 883 330 960 maiornatrtaast,
349 882 538 962 priusquam
549 879 667 953 eaetepi
686 879 788 942 fratres
804 883 850 943 tui
869 882 947 944 diens
969 883 1092 961 obierit,
1107 907 1174 966 pus

61 978 151 1058 regni
181 987 290 1058 qnam.
307 975 421 1039 halant
444 973 596 1036 ,dividatur
625 973 705 1034 inter
733 974 891 1055 Pippinum
921 990 953 1043 et
981 977 1176 1056 Ludaricura,

61 1071 139 1131 sieut
159 1072 315 1151 quondam
335 1069 459 1130 divisum
484 1078 529 1128 est
553 1067 633 1127 inter
652 1071 708 1127 noi
726 1077 759 1127 at
781 1067 900 1130 fratrem
915 1084 1050 1133 notum
1066 1073 1176 1134 Karlo«

60 1175 227 1239 manuum,
254 1184 292 1224 eo
307 1163 409 1224 modo
435 1171 472 1222 :nt
495 1159 638 1240 Pippinus
664 1160 745 1220 illini
769 1163 939 1242 portionem
961 1166 1069 1228 habeat
1089 1187 1177 1248 quam
1235 1164 1237 1173 ’

61 1257 159 1319 frater
172 1256 519 1318 ‘nosterrllarlomaaaus
538 1251 656 1330 habuit,
687 1254 857 1317 Ludovieus
875 1275 946 1316 vero
964 1259 1044 1320 illan'r
1062 1261 1177 1342 piatam

60 1351 199 1429 aoeipiat
219 1369 304 1430 quam
323 1371 378 1412 uos
397 1350 429 1410 in
448 1346 500 1430 itta
519 1347 889 1428 partionesuseepimne·
912 1349 946 1409 si
967 1353 1040 1413 saro
1065 1355 1177 1419 Karolo

62 1455 97 1504 et
114 1443 274 1505 Ludosieo
293 1443 469 1518 viraitibus,
489 1441 634 1522 Pippinus
661 1443 801 1502 debitam·
815 1443 961 1504 humanae
985 1446 1072 1506 sortis
1097 1449 1178 1509 sona

62 1536 214 1618 pleverit,
244 1538 370 1600 Karolu's
395 1545 427 1598 et
450 1535 618 1600 Ludarieus
644 1535 775 1597 dividant
799 1536 879 1598 inter
902 1556 933 1598 se
953 1557 1080 1620 reguum
1100 1541 1180 1618 quod

62 1631 115 1692 ille
135 1631 256 1705 habuit,
276 1631 404 1694 eunuc»
417 1629 528 1694 divisio.
539 1629 593 1690 tali
610 1630 703 1690 nodo
725 1629 785 1690 liat
798 1631 842 1689 sut?
863 1629 905 1689 ab.
920 1629 1062 1713 in'gressa'
1076 1629 1180 1694 ltiliae

63 1744 119 1802 per
147 1725 315 1804 Augustam
342 1725 489 1786 civitatem
515 1723 640 1804 accipiat
663 1723 790 1784 Karolus
813 1722 992 1800 Eboreiam,
1020 1727 1182 1804 Vercellas,

65 1816 204 1896 Papiam,
225 1828 258 1878 et
273 1817 346 1878 inde
364 1817 550 1897 perlatione
574 1817 696 1878 fluriuni
718 1817 850 1894 'termino
876 1831 1014 1880 narrante
1033 1839 1126 1900 usque
1146 1822 1183 1882 ad

65 1909 140 1986 fines
160 1911 361 1992 Regensium,
391 1921 421 1970 et
434 1903 537 1990 'i'paam
561 1909 714 1990 Regiam,¹
729 1921 760 1970 et
778 1910 925 1972 oiv'itatam
945 1911 1069 1990 norant,
1092 1925 1183 1994 atque

64 2002 218 2062 Mutinam
239 2003 388 2079 usquead
406 2004 550 2080 terminos
570 2002 772 2063 sancliPetri
799 2004 866 2065 :Has
883 2005 1014 2068 civitates
1034 2005 1100 2068 enm
1112 2010 1183 2070 snb·-

66 2093 197 2156 urbanis
219 2105 251 2156 et
269 2093 450 2154 terminoriis
468 2095 539 2166 suis,
559 2103 649 2172 atque
663 2096 852 2158 ‚comitatibus
868 2119 950 2179 quae·
966 2101 1004 2160 ad
1016 2099 1094 2182 ipsas
1107 2119 1184 2183 'pera

69 2189 184 2268 tinent,
205 2199 237 2248 et
257 2186 399 2266 quicquid
418 2185 488 2248 inde
508 2185 633 2246 Romam
653 2189 790 2266 pergenti
802 2189 846 2248 ud
863 2191 976 2252 laevam
993 2197 1127 2276 respicit,
1147 2197 1185 2257 de

68 2289 167 2364 regno
190 2281 273 2360 quod
291 2279 436 2361 Pippinut
456 2278 659 2352 batumum
685 2299 752 2338 curn
776 2279 883 2340 ducatu
901 2284 1085 2362 spoletano,
1109 2289 1186 2348 hane
1269 2285 1274 2296 “

72 2373 264 2454 portionem,
282 2373 358 2436 sieut
376 2373 581 2452 praediximus,
601 2371 728 2451 accipiat
744 2371 880 2432 Karalus.
920 2375 1071 2455 Quicquid
1090 2391 1187 2438 autern
1284 2399 1286 2407 ’

73 2465 275 2546 apraedietis
295 2465 459 2528 civitatibus
476 2464 524 2526 vel
542 2463 730 2548 eomitatibus
748 2465 875 2526 Romam
894 2467 977 2530 eunti
989 2467 1039 2528 ·ad
1051 2470 1187 2532 dextram

71 2561 163 2636 iacet,
185 2561 224 2622 de
244 2559 397 2639 praedicto
416 2577 529 2640 regno,
554 2559 585 2620 id
611 2567 671 2634 est,
689 2561 866 2639 ‘portionem
890 2577 966 2640 quae
990 2561 1131 2625 remansit
1150 2565 1187 2626 de

77 2655 206 2736 regione
228 2652 454 2732 Transpadtna,
483 2661 542 2714 una'
558 2659 636 2713 oam‘
648 2652 756 2714 ducatu
775 2655 916 2714 Tostano
935 2676 1029 2738 usque
1050 2659 1089 2720 ad
1107 2677 1189 2720 mare

75 2748 202 2822 australe
228 2758 259 2808 et
282 2767 375 2826 neque
400 2746 438 2808 ad
453 2745 663 2822 Provinciam,
687 2745 914 2808 Ludovicasat
932 2751 1122 2832 augmentrnn
1142 2753 1187 2814 sui

76 2841 161 2923 regni
179 2839 332 2904 sortiamr.
365 2839 460 2914 Quod
474 2839 504 2900 si
523 2839 647 2900 caeteris
672 2839 878 2920 superstitibus
904 2841 1071 2907 Ludov'icus
1096 2847 1188 2910 fuerit

78 2933 245 3010 defunctus,
263 2943 463 3012 amputem
479 2932 670 3014 Burgundiae
688 2955 777 3012 quam
797 2953 893 3016 regno
913 2936 976 3000 eius
996 2935 1190 3016 adiunximus,

80 3026 325 3090 enmProvidcia
344 3037 376 3087 et
395 3024 580 3104 Septimania
603 3025 664 3086 sive
690 3025 804 3086 Gothia
827 3049 920 3108 usqne
945 3030 983 3089 ad
1007 3031 1190 3111 Hispaniam,

79 3117 223 3201 Pippinus
241 3119 377 3200 accipiat,
393 3119 521 3180 Karo'lus
534 3137 611 3180 ¹uero
627 3117 822 3197 'Aquitaniam
841 3129 873 3180 et
891 3121 1096 3184 Waseoniam.
1161 3157 1164 3164 .

134 3215 174 3276 V.
217 3215 311 3290 Quod
331 3213 355 3274 si
373 3212 439 3276 talis
459 3211 536 3275 fitius
554 3210 678 3274 cuilibet
701 3211 825 3272 istorum
848 3213 938 3274 trium
964 3215 1086 3274 fratrum
1106 3226 1191 3277 nates

83 3304 174 3368 suerit
190 3327 282 3387 queas
301 3305 429 3388 populus
448 3306 559 3387 eligere
579 3305 659 3380 velit,
677 3306 807 3384 ut·patri
825 3325 879 3364 sno
898 3304 1038 3365 succedat
1054 3306 1086 3366 in
1104 3309 1192 3391 regni

83 3396 261 3476 hereditate,
295 3397 430 3458 volumus
452 3409 486 3456 ut
510 3399 569 3456 hoe
593 3397 784 3458 consentiant
803 3396 901 3475 patrui
925 3397 1015 3478 ipsias
1037 3401 1138 3480 pueri,
1163 3416 1193 3466 et

79 3513 210 3586 ,regnare
232 3493 405 3575 permittant
424 3489 516 3554 lilium
535 3487 634 3550 fratris
652 3488 697 3550 sui
714 3489 748 3550 in
765 3489 907 3571 portione
926 3493 1013 3578 regni
1030 3515 1119 3574 quam
1138 3517 1192 3576 pa-

86 3595 129 3645 ter
147 3590 208 3650 eius
231 3589 324 3647 frater
343 3605 447 3646 eorum
466 3582 578 3643 habuit

138 3683 191 3742 VI.
232 3681 308 3742 Post
325 3679 401 3742 haue
420 3689 540 3740 nostrae
559 3675 741 3738 'auctoritatis
770 3677 994 3758 dispositionem
1017 3680 1128 3758 placuit
1146 3682 1192 3744 in-

88 3781 132 3834 ter
149 3775 320 3854 praedictos
344 3773 421 3836 filios
446 3782 564 3852 nostros
589 3781 717 3832 statuere
741 3783 830 3850 atque
855 3770 1043 3851 praecipere,
1061 3783 1193 3855 {propter

91 3885 190 3942 pacem
204 3889 293 3949 qoam
310 3867 390 3928 inter
406 3886 456 3926 eos
467 3883 642 3946 permanere
654 3875 803 3943 perpetuo
818 3863 1062 3945 desiderium),
1081 3879 1115 3927 ut
1126 3869 1193 3928 nul-

90 3954 135 4018 lus
152 3981 253 4024 eorum
273 3961 371 4022 fratris
390 3959 435 4022 sui
453 3958 596 4020 terminos
616 3956 663 4017 vel
682 3957 769 4038 regni
788 3956 894 4018 limites
912 3959 1053 4023 invadere
1071 3979 1192 4039 praesu-

19 4085 21 4116 ·
92 4062 160 4127 mat
176 4076 275 4136 neque
294 4054 497 4119 fraudulenter
515 4049 633 4133 ingredi
657 4049 695 4110 ad
721 4050 956 4114 conturbandum
981 4071 1107 4134 regnum
1133 4052 1194 4116 eius

93 4143 137 4202 vel
155 4169 264 4212 marcas
284 4149 471 4218 minuendam
497 4145 549 4206 sed
574 4144 693 4206 adiuvet
717 4145 916 4226 unusquisque
934 4147 1053 4208 illorum
1073 4141 1193 4208 fratrem

95 4254 184 4317 suum,
202 4254 234 4306 et
253 4241 392 4304 auxillum
406 4240 450 4302 illi
476 4239 554 4300 ierat
578 4248 682 4300 cantra
698 4237 836 4300 mimicos
862 4241 923 4300 eius
947 4239 1025 4296 iuxta
1048 4235 1194 4301 rationem

95 4339 128 4397 tt
143 4336 380 4412 possibilitatem,
398 4333 460 4396 sive
480 4331 557 4392 inira
576 4329 711 4409 patriam,
729 4333 790 4394 sisa
801 4343 905 4395 sonna
921 4339 1032 4420 exteras
1051 4331 1195 4397 nationes.
1217 4341 1219 4352 '

139 4477 159 4534 l)
172 4483 227 4532 Alto
240 4485 368 4544 Zwiespalt
381 4492 453 4532 untur
465 4485 511 4530 dau
523 4479 648 4530 Briidern?
