2908 5094
786 409 874 482 lla

282 573 455 640 sirenibus
481 571 556 646 sois,
580 571 604 632 si
635 566 738 630 orriri
765 566 940 649 postulantis
965 575 995 628 et
1018 563 1145 626 feminae
1170 565 1383 628 consentientis

284 672 407 732 honesta
427 677 458 726 ct
476 659 659 738 rationabilis
679 659 769 722 luerit
786 659 928 723 voluntas.

339 757 452 822 XVIII.
490 757 538 818 Dc
557 754 717 837 nepotibus
736 775 807 816 vero
826 754 946 830 nostris,
964 753 1078 816 scilicet
1086 751 1153 813 filiis
1166 751 1384 832 praedictorum

213 853 218 860 '
281 855 408 916 liliorum
428 861 612 926 nostrorum,
637 849 687 928 qni
715 869 749 908 er
769 846 810 908 eis
835 846 883 908 vel
901 846 959 910 iarn
978 847 1040 906 nati
1064 857 1132 906 sunt
1150 846 1198 909 rel
1217 845 1313 906 adbuc
1332 866 1383 906 na-

281 947 383 1010 scituri
402 956 480 1020 sunt,
499 943 609 1023 placuit
628 939 714 1002 nobis
734 939 906 1020 praecipere
926 951 960 999 ut
978 938 1074 1000 nullus
1101 959 1204 1000 eornm
1223 957 1279 1018 per
1299 959 1385 1019 quas-

282 1043 358 1102 libet
378 1035 548 1100 occasiones
569 1033 729 1116 quemlibet
748 1052 782 1092 ex
800 1031 857 1090 illis
877 1031 955 1112 apud
973 1051 1005 1092 se
1025 1043 1205 1118 accusatum,
1228 1032 1293 1116 einp
1314 1033 1385 1094 iusta

282 1133 461 1195 discussione
473 1142 561 1212 atque
576 1126 799 1200 examinatione,
811 1135 861 1184 aut
873 1125 1020 1201 occidere,
1030 1136 1080 1185 aut
1091 1125 1229 1187 membris
1240 1146 1386 1202 mancare,

282 1239 333 1288 ant
352 1244 516 1299 excaecare,
535 1233 585 1282 ant
603 1221 726 1282 invitum
745 1217 871 1278 tondere
891 1217 992 1290 laciat;
1010 1221 1062 1280 sed
1081 1220 1215 1280 volumus
1234 1229 1268 1278 ut
1287 1218 1385 1278 bono-

281 1319 338 1382 rati
364 1319 423 1380 sint
446 1315 523 1397 apud
547 1326 644 1396 patres
671 1323 701 1374 et
725 1323 846 1392 patruos
871 1331 956 1388 suos,
982 1322 1012 1372 et
1038 1310 1212 1374 obedientes
1237 1311 1297 1372 sint
1323 1333 1383 1374 cum

284 1412 366 1475 omni
386 1409 570 1472 subiectione
591 1427 677 1486 quam
698 1406 784 1466 decet
802 1404 834 1463 in
854 1403 906 1464 tali
925 1405 1180 1487 consanguinitate
1199 1424 1273 1466 esse.

323 1504 417 1580 XIX.
457 1503 524 1562 Hoc
543 1511 696 1581 postremo
717 1497 903 1560 statuendum
927 1497 1015 1560 nobis
1034 1498 1165 1574 videtur,
1194 1509 1228 1560 ut
1248 1497 1383 1578 quicquid

282 1597 375 1658 adhuc
396 1597 433 1656 de
452 1593 540 1655 rebus
560 1605 591 1654 et
610 1585 869 1654 constitutionibus
890 1611 964 1671 quae
984 1593 1022 1653 ad
1041 1591 1208 1673 proiectum
1226 1601 1257 1652 et
1276 1591 1383 1652 utilita-

281 1703 342 1751 tem
362 1707 465 1748 eorum
484 1687 652 1769 pertinent,
680 1685 724 1746 bis
744 1684 852 1746 nostris
878 1685 1002 1746 decretis
1029 1698 1117 1766 atque
1146 1684 1314 1764 praeceptis
1337 1684 1384 1744 ad·
1435 1673 1436 1678 ¹

282 1785 352 1846 dere
371 1780 561 1857 voluerimus,
580 1779 622 1840 sic
642 1799 659 1839 a
678 1777 837 1859 praedictis
863 1778 976 1840 dilectis
1001 1779 1067 1838 filiis
1088 1777 1194 1839 nostris
1214 1776 1384 1840 observetur
1407 1833 1411 1841 .

282 1887 370 1956 atque
390 1873 587 1950 custodiatur,
611 1872 687 1934 sicut
711 1892 745 1932 ea
771 1891 846 1952 quae
871 1871 903 1930 in
927 1871 971 1932 bis
989 1872 1047 1932 iam
1066 1881 1173 1934 statuta
1193 1882 1224 1932 et
1243 1871 1384 1952 descripta

218 1981 222 1990 '
281 1979 350 2030 sunt
369 1967 517 2028 custodire
537 1977 567 2028 et
587 1965 744 2031 observare
765 1964 969 2046 praecipimus.
1137 2027 1140 2034 ,

338 2064 402 2123 XX.
442 2061 525 2120 Haec
555 2070 652 2120 autem
679 2057 777 2118 omnia
809 2058 849 2120 ita
874 2059 1082 2140 disposuimus,
1107 2071 1196 2140 atque
1221 2079 1256 2120 ex
1281 2059 1382 2118 ordine

283 2157 399 2223 linuare
420 2151 615 2228 decrevimus,
642 2162 676 2212 ut
695 2149 832 2230 quamdiu
856 2151 972 2214 divinae
996 2152 1140 2214 maiestati
1165 2151 1309 2232 placuerit
1333 2171 1384 2212 nos

282 2249 358 2310 hanc
379 2245 565 2327 corporalem
584 2265 674 2328 agere
701 2244 806 2320 vitam,
829 2256 959 2324 potestas
983 2258 1084 2308 nostra
1108 2247 1146 2306 sit
1168 2264 1256 2326 super
1280 2264 1297 2303 a
1317 2245 1384 2304 Deo
1437 2263 1438 2280 t

282 2353 487 2428 copservatum
506 2359 634 2422 regnum
654 2349 742 2418 atque
761 2337 915 2417 imperinm
941 2339 1034 2414 istud,
1058 2339 1133 2400 sicut
1156 2340 1294 2400 hactenns
1322 2338 1384 2412 luit,

281 2435 313 2495 in
332 2434 476 2516 regimine
498 2444 586 2511 atque
611 2431 818 2506 ordinatione,
844 2441 875 2490 et
899 2431 980 2492 omni
1004 2432 1156 2494 dominatu
1180 2431 1275 2514 regali
1299 2442 1382 2510 atque

282 2527 444 2608 imperiali,
471 2535 502 2585 et
525 2536 559 2586 ut
585 2523 758 2584 obedientes
783 2521 941 2584 babeamus
969 2526 1136 2604 praedictos
1161 2525 1285 2586 dilectos
1311 2525 1382 2584 lilios

282 2631 419 2694 nostros,
444 2628 531 2698 atque
550 2617 618 2678 Deo
639 2617 793 2683 amabilem
813 2615 954 2698 populum
974 2631 1106 2680 nostrum
1131 2639 1197 2680 cum
1217 2619 1299 2679 omni
1317 2617 1382 2676 sub-

283 2711 412 2771 iectione
433 2732 508 2792 quae
529 2711 605 2792 patri
624 2731 641 2770 a
661 2710 728 2772 filiis
748 2721 778 2772 et
797 2709 973 2792 Inperatori
993 2731 1027 2772 ac
1046 2711 1123 2795 Regi
1148 2733 1165 2774 a
1190 2711 1250 2776 suis
1269 2709 1381 2794 populis

284 2802 445 2864 exhibetur.
484 2803 608 2869 Amen.
728 2803 731 2811 “

735 3017 933 3028 υ--η-ψ-...η

318 3368 377 3421 lte
393 3367 600 3439 ops-sopra
617 3369 681 3426 vet
696 3239 958 3438 nisibim&
975 3370 1021 3422 ut
1035 3379 1119 3422 nora
1134 3364 1352 3422 mmmm

285 3451 424 3502 induerent
441 3467 606 3514 armaturam,
623 3454 668 3504 sed
685 3453 839 3523 spiritalem,
861 3453 889 3506 id
907 3467 956 3515 est,
977 3452 1077 3506 ieiuniis
1095 3467 1120 3504 et
1137 3450 1297 3504 orationibus
1315 3467 1382 3501 raca·

284 3547 354 3586 rent:
372 3552 416 3586 seu
434 3535 467 3586 de
484 3535 620 3588 venalitate
636 3535 677 3588 vel
694 3537 866 3605 captivatione
883 3537 1036 3598 bominum,
1058 3536 1097 3588 vel
1115 3535 1170 3588 aliis
1187 3535 1282 3588 illicitis
1298 3534 1382 3592 causis,

284 3636 351 3687 quae
368 3637 383 3669 a
400 3620 483 3688 pravis
501 3619 649 3694 horninibus
666 3633 812 3688 perpetrata
830 3634 915 3672 arant:
938 3641 983 3672 seu
1006 3621 1038 3671 de
1061 3615 1158 3672 visione
1180 3617 1308 3694 Jolaannis
1327 3618 1381 3670 tto·

513 3702 598 3766 nacbi,
616 3721 682 3772 quae
699 3701 762 3756 lalsa
778 3703 819 3756 rel
838 3703 921 3756 inanis
940 3723 992 3758 esse
1008 3703 1153 3756 ridebatur.

340 3832 463 3896 Domus
485 3836 727 3902 excellentissimo
748 3836 810 3898 filio
830 3848 993 3917 nostroque
1012 3839 1136 3918 spiritali
1156 3837 1301 3918 compatri
1328 3835 1382 3896 Ca-

283 3928 351 3990 rolo
369 3925 449 4011 Regi
466 3929 648 3992 Francorum
669 3942 700 3991 et
718 3928 1000 4011 Langobardorum,
1019 3942 1107 4010 atque
1126 3931 1256 3994 Patricio
1276 3931 1382 3992 Roma-

285 4043 403 4100 norum,
421 4022 568 4083 Adrianus
587 4022 677 4104 Papa.
717 4023 909 4084 Ortbodorae
928 4023 998 4084 fidei
1022 4025 1205 4104 plenissimos
1222 4035 1312 4106 atque
1332 4043 1382 4111 ne-

284 4128 399 4178 ctareos
422 4127 518 4178 restra
543 4115 647 4176 aDeo
675 4128 830 4207 promotae
855 4116 962 4198 regalis
984 4117 1184 4180 Excellentiae
1209 4119 1383 4200 suscepimus

284 4207 402 4287 allatus,
422 4231 497 4291 quos
516 4220 696 4284 reserantes,
724 4221 849 4270 vestram
877 4231 893 4270 a
911 4209 980 4270 Deo
999 4223 1166 4292 promotam
1186 4213 1323 4286 salutem,
1351 4227 1383 4267 ae

246 4307 259 4328 ‘
284 4297 316 4356 in
336 4303 487 4383 triumphis
507 4303 659 4380 victorias,
687 4313 740 4364 seu
765 4303 1058 4383 praecellentissimae
1084 4305 1160 4366 filiae
1185 4317 1305 4365 nostrae
1330 4303 1382 4362 do-

284 4411 370 4454 mnae
389 4394 533 4476 Reginae,
551 4408 775 4478 sonorumque
794 4396 923 4460 fidelium
947 4399 1133 4480 sospitatem,
1157 4397 1300 4480 simulque
1323 4396 1382 4456 sin-
