2890 5092
854 206 867 236 Ι

807 447 915 528 1Ἰθι

353 663 395 718 De
413 660 508 714 officio,
516 655 724 732 Episcopum,
747 657 877 708 Abbatum
902 667 927 706 et
943 653 1136 708 Abbatissarum
1155 672 1211 719 erga
1228 653 1362 708 subditos.

358 779 409 837 XI.
447 778 491 836 Ut
518 775 678 856 Episcopi,
703 771 850 846 abbates,
877 782 964 860 atque
989 771 1180 845 llbbafissae,
1204 772 1255 850 qui
1282 775 1405 834 caeteris

300 869 425 954 praelati
444 880 521 956 sunt,
542 890 607 930 cum
627 886 736 928 summa
756 865 947 928 veneratione
968 885 1001 926 ac
1023 865 1175 948 diligentia
1190 851 1334 926 subiec'tis
1354 861 1405 924 sibi

243 975 244 980 ’
288 983 434 1044 xpraeesse
449 935 598 1036 btudeant,
618 982 680 1021 non
700 958 852 1039 potentiva
873 959 1075 1018 dominatione
1099 957 1146 1019 vel
1172 957 1333 1038 tyrannide
1354 959 1404 1018 sibi

299 1057 448 1117 subiectos
469 1065 619 1136 premant,
644 1053 695 1114 sed
708 1051 846 1131 'simplici
865 1051 1024 1111 dilectione
1046 1073 1110 1112 curn
1131 1047 1358 1114 mansuetudine
1379 1067 1403 1114 et

228 1190 231 1198 ι
272 1228 279 1241 ,
300 1149 431 1222 caritate,
450 1147 497 1208 vel
517 1145 653 1226 exemplis
673 1145 821 1232 bonorum
842 1163 976 1254 opernm,
996 1145 1179 1211 commissum
1204 1145 1260 1206 sibi
1281 1168 1401 1230 gregem

300 1240 425 1302 sollicite
445 1240 618 1302 custodiant.

426 1393 462 1446 Ut
480 1393 607 1448 Monaebi
629 1405 654 1446 et
671 1393 872 1446 Santimoniales
889 1395 1031 1446 seeundum
1050 1391 1164 1458 regulam
1182 1391 1273 1446 vivant.

267 1528 271 1538 »
326 1497 422 1576 ,ΧΙῙ.
462 1498 505 1557 Ut
524 1495 656 1556 Abbates
683 1494 894 1565 ubiMonachi
918 1505 986 1555 sunt
1010 1490 1138 1576 pleniter
1164 1513 1228 1554 oum
1249 1495 1398 1556 Monacbis

298 1578 456 1651 secundum
483 1589 613 1671 regulam
639 1588 756 1663 vivant,
784 1600 871 1668 atque
897 1607 1025 1647 canones
1053 1586 1212 1670 diligenter
1236 1587 1349 1650 discant
1373 1601 1397 1650 et

296 1682 464 1746 observent.
505 1681 646 1741 Similiter
664 1680 837 1741 Abbatissae
858 1679 974 1740 faciant.

348 1839 390 1893 De
407 1835 551 1900 Advocatio,
569 1835 753 1899 Vicsdominis,
768 1849 796 1890 et
815 1832 974 1888 centenariis
992 1832 1192 1904 Episcoporum,
1212 1837 1351 1900 Abbrtnm,

251 1975 259 1986 ,
726 1933 751 1972 et
769 1917 969 1974 Abbatissaruna.
1428 1959 1430 1968 ,

353 2024 437 2084 ΧΙΙΙ.
476 2024 519 2082 Ut
537 2020 689 2101 Episcopi,
708 2019 840 2082 Abbates
859 2031 947 2098 atque
967 2017 1139 2083 Abbatissae
1165 2023 1336 2082 Advocatos
1356 2034 1394 2082 at-

243 2143 251 2162 .
296 2137 354 2196 que
375 2114 584 2176 vicedominos
607 2111 862 2194 centenariosque
883 2113 980 2194 legem
999 2112 1135 2190 scientes,
1156 2127 1186 2176 et
1196 2115 1334 2190 iustitiam
1347 2116 1393 2202 di·

209 2201 218 2270 J
294 2210 432 2293 ligentes,
451 2209 646 2288 pacificosque
667 2219 697 2268 et
715 2220 883 2269 mansuetos
903 2206 1040 2282 habeant,
1061 2208 1186 2286 qualiter
1202 2229 1255 2288 per
1269 2208 1393 2288 illosque
1429 2193 1430 2250 Ῐ

296 2302 421 2362 Sanotae
441 2301 501 2362 Dei
521 2301 669 2362 Ecclesiae
690 2301 783 2384 magis
809 2311 999 2380 praeceptum
1023 2300 1071 2360 vel
1095 2303 1205 2362 me'rces
1233 2304 1394 2376 adcrescas

242 2393 246 2404 ’
295 2393 363 2476 quia
390 2395 555 2456 nullatenus
582 2415 679 2475 neque
704 2394 894 2473 Praepositos
923 2411 1021 2472 neque
1047 2394 1215 2456 Advocatos
1242 2393 1393 2456 damnbsos

294 2501 325 2550 et
350 2489 472 2569 cupidos
498 2489 529 2547 in
554 2487 735 2548 Monasteria
759 2486 869 2548 babere
893 2484 1028 2546 volumus
1054 2509 1070 2548 a
1097 2489 1202 2569 quibus
1225 2489 1318 2571 magis
1344 2510 1392 2550 nos

293 2580 474 2665 blasphemia
501 2580 549 2642 vel
575 2581 749 2640 detrimenta
770 2580 912 2642 oriantur.
952 2577 1016 2638 'Sed
1041 2581 1114 2641 tales
1139 2582 1198 2642 sint
1222 2581 1321 2661 quales
1347 2603 1392 2641 eos
1428 2607 1429 2648 t

293 2675 435 2738 canonica
454 2674 502 2734 vel
521 2674 662 2755 regularis
682 2673 827 2733 institutio
848 2671 913 2732 lieri
932 2671 1198 2749 iuben-voluntati
1217 2674 1276 2734 Dei
1296 2671 1391 2736 subdi·
1428 2665 1429 2678 ¹

291 2781 350 2844 tos,
370 2780 400 2828 et
419 2769 455 2827 ad
476 2785 578 2826 omnes
597 2765 736 2824 iustitiam
756 2765 883 2825 faciendi
903 2785 1019 2845 semper
1037 2781 1165 2848 paratos,
1183 2769 1280 2850 legem
1298 2769 1390 2847 pleni-

291 2873 347 2921 ter·
358 2857 546 2920 observantes
572 2858 681 2937 absque
700 2857 803 2918 fraude
823 2857 966 2941 maligna,
990 2861 1096 2922 iustum
1121 2851 1237 2942 semper
1256 2862 1398 2922 iudicium.

282 2953 323 3012 ‘in
348 2951 484 3012 omnibus
510 2959 694 3028 exercentes,
719 2950 909 3032 Praepositos
936 2963 1047 3014 vestros
1073 2955 1146 3015 tales
1171 2955 1270 3034 quales
1297 2967 1390 3016 sancta

286 3046 403 3142 regula
414 3045 483 3106 fleri
508 3045 603 3106 docet.
646 3045 686 3103 Et
712 3044 770 3104 hoc
797 3048 919 3106 omnino
940 3046 1104 3110 observent
1118 3059 1161 3124 nt,
1186 3049 1352 3112 nullatenus
1376 3070 1388 3110 a

174 3123 192 3206 Δ,
291 3133 395 3222 quibus
420 3139 512 3222 magis
538 3138 623 3199 nobis
658 3159 674 3197 a
700 3139 843 3203 canonica
868 3138 914 3200 vel
938 3140 1066 3218 regulari
1097 3161 1201 3202 norma
1232 3139 1388 3216 discedant,

290 3235 341 3295 sed
361 3232 581 3296 bumilitatem'
573 3253 602 3291 ιιι
624 3231 759 3292 omnibus
781 3231 916 3291 babeant
962 3231 996 3290 Si
1016 3245 1112 3294 autem
1133 3235 1216 3295 aliter
1244 3255 1387 3315 praesum-

288 3328 412 3406 pserint,
432 3326 597 3410 regularem
617 3324 799 3405 disciplinam
819 3325 955 3390 sentiant.
1004 3329 1087 3388 Et
1063 3351 1087 3388 st
1107 3349 1138 3388 se
1160 3329 1318 3390 emendare
1338 3351 1387 3389 no-

290 3418 415 3492 luerint,
427 3419 663 3504 aPraeposito
671 3430 892 3490 removeantnr;
919 3435 948 3483 et
974 3424 1024 3504 qui
1049 3423 1131 3542 digni
1156 3433 1238 3499 sunt,
1266 3423 1299 3482 in
1329 3423 1387 3484 loca

287 3528 393 3568 eornm
412 3508 619 3591 subrogentur

304 3662 348 3716 De
365 3627 717 3734 eoncordiaEpiscoporum‚
735 3657 874 3732 Abbatrim,
892 3684 916 3722 et
934 3672 1127 3726 abbatissarum
1144 3693 1205 3724 cnm
1224 3671 1373 3724 Comitibus.
1425 3735 1426 3753 ι

280 3803 286 3820 ·
342 3781 422 3840 XIV.
461 3781 504 3840 Ut
521 3781 679 3862 Eplscopi,
697 3773 844 3859 Abbatem
869 3797 956 3866 atque
981 3787 1384 3868 Abbatibsae‚'Comitesque

284 3873 604 3935 unanimiter'invicem
623 3876 682 3936 sint
702 3880 918 3939 eonsentientes
944 3880 1039 3963 legem
1066 3883 1101 3941 ad
1126 3879 1263 3942 iudicium
1284 3883 1384 3942 iustum

284 3967 500 4026 termltratrdum
521 3987 586 4028 eum
615 3971 696 4029 omni
717 3971 836 4031 caritate
858 3983 887 4032 et
907 3975 1064 4035 concordia
1083 3975 1172 4056 pacit,
1193 3985 1223 4035 et
1242 3983 1274 4034 ut
1295 3975 1383 4035 fideli·
1424 4051 1425 4059 ι

284 4070 330 4119 ter
348 4059 448 4122 vivant
467 4063 625 4122 secundum
646 4063 827 4124 voluntatem
847 4065 916 4139 Dei,
937 4079 969 4126 nt
989 4087 1106 4148 semper
1130 4068 1239 4147 ubique
1267 4079 1298 4127 et
1317 4087 1383 4148 pre·

283 4163 355 4240 pter
370 4153 436 4240 illos
457 4165 487 4212 et
505 4153 583 4212 inter
602 4153 699 4214 illos
689 4169 798 4218 rustum
815 4157 963 4234 iudicium,
983 4159 1083 4240 ibique
1090 4161 1295 4252 perficiantur
1314 4182 1380 4240 pau
1423 4173 1424 4184 ¹

279 4261 378 4348 peres,
398 4229 510 4319 viduae,
531 4245 667 4324 orphani,
687 4260 716 4309 et
735 4251 886 4354 peregrini
914 4231 1146 4352 c'opsolatioriem
1174 4266 1261 4334 atque
1283 4255 1335 4317 de
1334 4274 1381 4312 en
1423 4285 1424 4306 1

279 4324 394 4395 'sionem
415 4334 498 4396 ab
473 4357 512 4396 ers
532 4335 675 4413 babeant;
694 4353 725 4401 nt
746 4355 775 4402 et
794 4339 848 4404 ιιοὲ
869 4331 1046 4424 percorum
1073 4345 1183 4430 bonam
1203 4347 1380 4434 voluntatem

280 4427 372 4509 magis
392 4429 551 4507 praemium
572 4432 647 4496 vitae
668 4447 803 4496 aeternae
823 4458 909 4516 quam
929 4439 1117 4519 supplicium
1121 4443 1296 4502 mereamur.
