2960 5094
218 613 221 618 '
302 633 366 676 cum
387 633 446 694 quo
465 597 577 674 neiaiie
597 611 672 672 clam
689 594 875 685 locutus'est,
894 607 1063 672 inienscum
1075 629 1111 672 eo
1123 610 1286 687 consilium,
1307 621 1399 700 atque

262 709 266 733 ¹
300 729 364 768 suas
374 705 555 787 Imperatori·
570 704 698 786 dirigens
718 703 826 778 literas,
845 702 1001 765 adhortans
1021 723 1098 780 erun,
1117 715 1150 766 ut
1167 713 1235 766 subs
1252 707 1400 788 Imperia-

301 799 343 861 ies
363 799 469 881 dirigat
488 797 628 858 exercitus
645 797 679 857 in
698 794 906 857 hanc-Italiam
925 797 1122 876 provinciam
1142 807 1172 857 et
1190 797 1252 878 ipse
1267 799 1400 862 Deside-

299 894 359 954 rius
387 913 453 953 cum
477 891 615 954 universo
641 890 904 974 Langobardorum
929 889 1041 968 populo
1066 891 1215 974 professus
1240 903 1297 968 est,
1325 892 1401 954 Deo

293 985 356 1046 ,sihi
376 985 539 1062 contrario,
557 984 693 1046 auxilium
712 980 853 1063 praelatis
870 980 1074 1060 imperialibus
1094 982 1265 1048 exercitibus
1284 986 1401 1065 imper-

257 1101 260 1108 ·
298 1079 371 1140 tire:
392 1089 533 1158 quatenus
553 1099 587 1138 ex
606 1097 661 1138 una
681 1085 764 1155 parte
783 1072 872 1152 ipsius
893 1072 1045 1152 exercitus,
1065 1088 1095 1136 et
1115 1099 1148 1138 ex
1167 1077 1223 1138 alia
1242 1077 1319 1138 idem
1330 1079 1398 1140 De-

298 1171 420 1232 siderius
433 1183 498 1232 cum
510 1171 646 1234 universo
656 1165 921 1248 Langobardorum
940 1169 1065 1248 populo,
1084 1171 1200 1250 utrique
1221 1171 1398 1232 dimicantes

298 1264 510 1326 Rauennatium
521 1263 664 1326 civitatem
675 1259 925 1340 comprehendere
938 1271 1058 1338 queant,
1078 1281 1216 1344 suamque
1227 1255 1399 1344 Irn'perator

297 1357 557 1437 (quoddlomious
582 1373 645 1412 non
664 1351 830 1434 permittat)
855 1352 1015 1434 adimplere
1039 1355 1189 1416 volcatio
1214 1373 1398 1437 quocunque

296 1433 436 1512 uoluerit⁸
450 1447 641 1511 voluntatem.
689 1447 763 1507 Nam
795 1456 826 1506 et
855 1468 929 1529 curu¹
952 1447 1057 1509 eodem
1085 1448 1218 1532 Georgia
1244 1450 1398 1530 Imperiali

297 1543 387 1604 Misso
408 1539 574 1616 constituit,
593 1551 627 1600 ut
646 1539 821 1600 dromonum
840 1539 959 1600 Siciliae
977 1540 1069 1602 stolus
1093 1543 1124 1602 in
1145 1541 1330 1610 Otorautaoa
1350 1545 1396 1604 ci-
1479 1588 1480 1593 η

295 1635 384 1696 vitate
404 1634 555 1714 dirigatur,
574 1644 607 1692 ut
626 1643 685 1692 tam
702 1633 811 1694 Graeci
830 1654 916 1715 quam
933 1634 1124 1718 Langobardi
1142 1637 1233 1717 ipsam
1254 1624 1395 1699 obsiden-

204 1767 209 1784 „
294 1739 338 1790 tes
358 1725 611 1806 comprehendere
630 1725 747 1786 valeant
766 1726 928 1802 civitatem,
953 1749 1075 1807 eamque
1096 1733 1240 1792 concedat
1259 1732 1396 1812 Impera·
1479 1752 1480 1775 ¹

293 1822 370 1895 tori,
397 1840 462 1882 cum
480 1819 648 1880 hominihus
669 1830 699 1879 et
717 1817 919 1895 facultatibus,
949 1841 1022 1900 quae
1048 1822 1079 1880 in
1100 1841 1133 1880 ea
1154 1823 1332 1900 consistunt,
1362 1836 1396 1884 et

293 1915 498 1976 tantummodo
510 1913 624 1974 Ducem
644 1911 725 1973 illum
744 1923 832 1993 atque
853 1913 914 1974 eius
933 1914 1111 1976 nutritorem
1122 1914 1289 1977 Jobauuem
1304 1935 1392 1995 prae·
1479 1950 1480 1973 l

294 2007 373 2068 dicto
393 2005 471 2089 Regi
490 2007 631 2068 restituat.
674 2006 747 2066 Post
771 2025 843 2068 vero
869 2006 1088 2068 dissolutionem
1109 2010 1271 2070 eorundem
1291 2009 1393 2069 Duca—
1479 2004 1480 2007 ’

293 2112 392 2174 tuum,
422 2100 572 2160 coniunxit
595 2099 643 2160 hic
667 2101 703 2160 ad
728 2100 914 2160 nosRomae
933 2101 1012 2160 idem
1029 2099 1293 2181 Langobardorum
1311 2100 1391 2160 Rex:
1479 2154 1480 2157 ,

294 2203 406 2254 etcum
426 2212 462 2254 eo
482 2192 651 2272 loquentes,
677 2194 762 2256 nimis
783 2214 848 2255 euna
868 2191 1015 2253 adhortati
1033 2211 1148 2266 sumus,
1173 2203 1203 2251 et
1222 2211 1276 2271 per
1294 2212 1391 2254 sacra-

286 2285 433 2358 ,tissimum
454 2306 559 2366 corpus
568 2287 605 2350 B.
618 2286 709 2362 Petri,
729 2299 816 2364 atque
837 2283 923 2346 etiam
943 2301 997 2360 per
1015 2292 1094 2340 tuam
1114 2281 1210 2343 aDeo
1226 2296 1391 2367 protectam
1474 2293 1476 2303 '

291 2379 502 2440 Excellentiam
522 2380 640 2440 fortiter
658 2379 750 2436 iilum,
761 2373 985 2450 coniuravimus,
1004 2385 1038 2432 ut
1056 2371 1188 2436 civitates
1207 2375 1280 2453 illas,
1299 2378 1390 2440 idest

291 2471 427 2546 Imolam,
445 2471 622 2546 Bononiam,
639 2470 793 2530 Aesimum
813 2479 843 2530 et
861 2467 1030 2542 Anconam,
1055 2485 1124 2545 quas
1143 2467 1231 2530 nobis
1250 2490 1388 2548 praesen-

203 2636 205 2648 ·
246 2602 249 2616 ·
291 2562 412 2636 cialiter,
430 2561 515 2621 simul
535 2581 590 2640 per
607 2571 720 2622 vestros
731 2561 846 2638 Missos,
864 2559 895 2619 id
913 2570 971 2634 est,
984 2557 1142 2620 lloiradum
1154 2561 1223 2622 Deo
1235 2563 1389 2624 amabilem
1472 2576 1477 2589 ¹

292 2654 442 2716 Abbatem
460 2664 496 2714 et·
507 2653 729 2734 Presbyterum,
755 2666 785 2714 et
802 2653 1002 2728 Rodbertnm,
1022 2653 1277 2716 excellentissimae
1299 2653 1388 2716 (ibri-
1476 2687 1477 2710 ι

292 2747 431 2809 stianitati
450 2758 538 2821 tuae,
569 2757 599 2805 et
623 2765 678 2825 per
702 2757 732 2806 te
757 2747 845 2810 etiam
864 2744 1009 2806 BsPetro
1029 2747 1243 2828 Apostolorum
1261 2749 1404 2829 principi,
1477 2823 1479 2846 Ὗ

292 2840 440 2922 pollicitus
460 2850 504 2900 cst
522 2837 719 2914 redditorum,
741 2839 903 2902 restituere.
916 2839 1046 2902 deberet.
1087 2841 1178 2916 Quod
1196 2841 1314 2901 minime
1334 2843 1387 2902 ad-

292 2933 442 3014 quiescere
461 2931 615 2996 inclinatus
635 2941 694 3006 est,
717 2932 769 2992 sed
787 2932 940 3010 simulans,
959 2944 1091 2996 atcerte
1110 2934 1275 3010 strofarius,
1294 2934 1388 2996 varias

293 3027 462 3088 occasiones
482 3025 625 3100 adhibuit,
643 3024 778 3104 inquiens
798 3037 829 3084 ut
848 3026 873 3084 si
892 3049 970 3104 suos,
990 3048 1063 3108 quos
1074 3026 1135 3087 illic
1144 3027 1267 3090 Francia
1277 3026 1387 3088 hahere

291 3120 422 3201 videtur,
436 3119 551 3184 obsides
569 3119 726 3200 reciperet,
745 3129 815 3180 tunc
834 3119 865 3178 in
884 3121 963 3200 pacis
983 3122 1141 3184 concordia
1150 3122 1302 3185 nobiscum
1312 3139 1387 3180 con-

291 3223 463 3276 versaretur.
1110 3273 1115 3284 ,

348 3307 438 3367 Unde
458 3307 583 3386 petimus
602 3307 654 3368 abs
668 3318 719 3381 te,
730 3305 966 3370 excellentissime
978 3309 1020 3370 fili
1034 3321 1064 3370 ct
1077 3310 1214 3392 spiritalis
1225 3318 1388 3388 compater,

292 3406 323 3458 et
342 3391 449 3454 obnixe
470 3399 660 3475 deprecamur
688 3400 791 3462 alico
818 3401 985 3482 inspiratam
1004 3397 1206 3464 Eximietatem
1229 3413 1326 3476 tuam,
1352 3413 1387 3462 ut

292 3485 392 3549 iubeas
410 3487 570 3566 perlectam
589 3489 796 3552 liberationem
811 3493 936 3554 Sanctae
955 3495 1013 3554 Dei
1032 3495 1179 3554 Ecclesiae
1199 3503 1229 3552 et
1248 3491 1309 3553 eius
1330 3515 1386 3574 pe-

292 3579 406 3640 culiaris
425 3579 530 3659 populi
549 3601 699 3654 exercere;
719 3584 809 3644 etita
828 3585 868 3660 id,
888 3586 967 3664 quod
986 3605 1092 3668 magna
1105 3585 1216 3646 animae
1228 3595 1295 3646 tuae
1307 3605 1386 3647 mer-

291 3671 363 3732 cede
382 3672 416 3731 B.
436 3672 527 3734 Petro
547 3673 694 3753 pollicitus
714 3696 761 3754 es,
779 3677 900 3738 firmiter
919 3699 1107 3758 permanere;
1125 3679 1277 3759 ipsumque
1296 3679 1386 3740 Desi-

292 3764 405 3825 derium
423 3765 685 3848 Langobardorum
705 3769 817 3851 Regem
837 3770 954 3831 fortiter
972 3772 1173 3854 constringere
1194 3771 1332 3853 digneris,
1351 3785 1387 3834 ut

291 3855 437 3938 prolatam
456 3879 473 3920 a
491 3859 560 3920 Deo
580 3861 804 3941 promissionem
822 3863 857 3922 B.
877 3862 967 3924 Petro
993 3864 1157 3944 protectori
1182 3876 1279 3932 vestro
1299 3865 1385 3924 resti-

290 3963 374 4015 tuere
399 3950 520 4028 dcbeat,
552 3964 640 4033 atque
663 3955 694 4014 in
721 3956 856 4018 omnibus
884 3956 1052 4036 adimplere.
1094 3955 1211 4036 Tuique
1230 3958 1317 4021 studii
1336 3957 1386 4035 sit,

290 4045 370 4105 boue
390 4045 592 4125 potentissime
611 4047 689 4125 Rex,
716 4050 791 4112 sicut
810 4049 948 4128 coepisti,
968 4049 1127 4130 perfectius
1147 4049 1223 4112 hanc
1242 4050 1383 4112 Sanctam

290 4137 349 4198 Dei
367 4138 539 4216 Ecclesiam,
558 4150 588 4200 et
607 4140 668 4200 eius
687 4139 863 4222 peculiarem
875 4143 1018 4224 populum
1031 4143 1067 4204 de
1078 4141 1204 4203 hostium
1214 4143 1385 4206 incursione

291 4249 408 4304 eruere;
437 4244 484 4309 ut,
509 4245 656 4294 annuente
675 4235 764 4309 Deo,
780 4247 926 4296 certamen
947 4235 1094 4317 benignae
1115 4233 1293 4317 operationis
1313 4245 1385 4300 tuae

250 4400 253 4409 ἱ
291 4320 436 4387 uberrime
460 4325 663 4398 fecundetur:¹
679 4336 820 4406 quatenus
844 4328 875 4388 iri
901 4329 947 4390 die
973 4328 1113 4392 adventus
1131 4327 1255 4418 Domini
1273 4327 1332 4390 Dei
1353 4343 1386 4392 et

293 4413 449 4486 Salvatoris
469 4420 562 4494 nestri
580 4421 651 4484 Jesu
665 4419 775 4487 Christi
793 4420 899 4498 luceas,
918 4422 991 4484 sicut
1010 4421 1234 4511 radiantissimus
1251 4419 1316 4496 Sol,
1334 4422 1385 4484 iu-

1472 2307 1477 2576 1

1471 2594 1477 2675 i
