2960 5094
515 490 531 502 .
623 439 682 510 41

116 597 178 656 lv.
215 595 268 656 De
292 595 443 673 casulis,
467 596 504 657 id
532 607 605 672 est,
627 597 733 661 banis.

134 689 180 748 Vr
212 690 266 751 De
284 689 499 772 sacrilegiis
524 709 591 772 per
611 691 798 752 ecclesias.

136 966 302 1030 indihamus
322 967 439 1058 dicente
457 967 608 1044 Domino,
632 986 695 1030 non
714 971 946 1053 augurabimiisi,
969 973 1018 1036 vel
1035 987 1121 1038 certe
1142 999 1205 1042 non
1276 975 1281 994 ‘

139 1059 334 1124 observabilis
354 1046 484 1134 solunia3
503 1073 533 1121 ιι
550 1061 658 1122 iterum
678 1064 822 1143 scriptura
842 1066 934 1126 dicit:
949 1065 1020 1130 Nou
1039 1069 1099 1131 siut
1113 1059 1206 1157 angn'

138 1155 226 1238 garis
247 1157 279 1215 in
299 1155 406 1232 Israel,
429 1175 485 1216 nec
505 1155 702 1218 observatio'
692 1175 738 1216 ιι
735 1159 835 1218 domo
854 1159 958 1220 Jacob.
996 1163 1042 1223 Ita
1062 1177 1092 1225 et
1111 1185 1128 1226 a
1147 1187 1206 1230 no-

92 1281 98 1291 ·
137 1247 188 1308 hts
209 1249 371 1310 cavendum
390 1269 452 1310 esse
473 1269 636 1326 censemus,
655 1261 689 1310 ιιι
708 1249 795 1311 nullis
815 1251 944 1332 auguriis
962 1256 1205 1326 velobscrvatio-

139 1341 230 1402 nibus
253 1342 449 1416 attendamus;
480 1345 547 1424 quia
573 1343 672 1403 omnia
696 1343 768 1404 haec
794 1343 920 1406 abscissa
946 1365 1009 1418 esse
1032 1371 1050 1412 a
1073 1353 1205 1433 patribus

135 1453 235 1495 sumus
255 1436 376 1512 edocti,
396 1449 426 1498 ιι
445 1437 514 1518 quia
533 1457 588 1518 per
606 1437 826 1519 instigationem
850 1438 963 1500 diaboli
983 1439 1088 1504 iterum
1106 1446 1205 1526 pullu
1240 1491 1244 1508 .

117 1527 252 1607 dabant,
274 1549 291 1590 a
311 1529 358 1592 die
379 1551 437 1611 qua
456 1551 511 1592 uos
530 1530 613 1591 iussit
633 1531 744 1591 Divina
763 1530 945 1610 Clementia,
966 1553 1133 1616 quanquam
1150 1539 1206 1598 iru-

136 1622 236 1683 meriti
266 1625 437 1701 existamus,
465 1623 595 1706 apostoli
619 1624 714 1686 vinem
739 1645 866 1708 genere,
898 1626 980 1688 illico
1011 1629 1111 1689 omnia
1135 1630 1207 1692 baec

137 1711 361 1796 amputavimus.
408 1718 478 1778 Pari
503 1719 613 1779 etenim
639 1721 743 1780 modo*
761 1719 895 1781 volumus
918 1732 1001 1790 tuam
1023 1722 1208 1786 sanctitatem
1271 1735 1274 1762 ¹

136 1809 261 1890 populis
285 1810 343 1872 sibi
362 1812 501 1873 subiectis
520 1814 706 1893 praedicare,
733 1813 770 1874 ad
788 1813 865 1876 viam
886 1825 1025 1876 aeternae
1039 1815 1207 1896 perducere

136 1903 229 1966 vitae.
267 1905 398 1966 Names
417 1918 535 1967 sanetae
554 1904 770 1968 recordationis
789 1903 1023 1988 praedecessoris
1041 1920 1130 1988 atque
1148 1929 1207 1970 uu-

135 1997 254 2056 tritoris
278 1998 374 2056 nostri
399 1997 546 2078 Gregorii
566 1999 665 2079 Papae
698 2000 910 2063 constitutione
936 2001 1035 2064 omnia
1059 2003 1132 2064 baec
1155 2002 1208 2084 pie

136 2101 229 2170 atque
250 2087 380 2148 fideliter
399 2101 546 2167 amputata
565 2105 632 2151 sunt
651 2105 681 2152 et
700 2094 755 2153 alia
776 2095 886 2156 diverso
906 2117 993 2177 qnam
1013 2097 1108 2179 plura,
1129 2109 1206 2178 qnae

136 2181 261 2244 diabolo
287 2191 468 2263 suggerente
491 2181 710 2262 pullulabant
701 2205 733 2242 m
759 2185 868 2248 Christi
893 2185 981 2266 ovili,
1010 2189 1090 2253 cuius
1115 2191 1207 2252 instar

136 2299 197 2358 pro
216 2277 294 2337 illius
314 2273 419 2355 populi
438 2273 532 2334 salute
551 2275 681 2358 dirigere
700 2279 913 2339 matvmavimus
1029 2318 1038 2334 .

161 2371 215 2428 tv.
253 2369 303 2430 De
321 2369 438 2447 rosulis,
457 2365 493 2429 id
508 2383 565 2444 eet,
570 2369 672 2450 forem.
706 2365 856 2450 Casulae,
875 2369 983 2453 parvae
1003 2373 1132 2434 delubra
1142 2375 1208 2436 Diis

90 2474 291 2540 consecrata,
310 2483 372 2524 non
392 2484 427 2524 ex
445 2461 593 2544 lapidibus
610 2465 666 2526 sed
686 2485 720 2525 cx
740 2465 842 2550 ligno,
867 2465 926 2528 levi
947 2483 1039 2547 opera
1060 2480 1106 2528 et
1101 2453 1232 2550 paecis‘
1314 2530 1317 2538 ,

91 2557 245 2619 smntibns
266 2557 411 2619 conlecta.

138 2653 173 2713 S.
192 2649 380 2728 Ambrosius,
404 2670 451 2732 ep.
470 2649 522 2718 29·
553 2650 636 2726 Quid
656 2663 701 2712 est
719 2651 798 2715 enim
817 2653 875 2714 nisi
895 2653 1080 2730 lanum,1n
1076 2672 1143 2742 quo
1163 2667 1207 2718 est

1 2757 2 2764 ’
90 2769 97 2782 ·
139 2759 304 2808 conventus
323 2747 489 2830 gentilisnn.
536 2745 798 2808 Commodianus
787 2759 870 2807 ιιιιιι.
890 2753 937 2812 24
957 2749 1015 2810 exis
1035 2749 1105 2810 inde
1124 2749 1207 2828 ιοιιι,

139 2841 247 2902 iterum
271 2852 322 2901 tua
342 2841 409 2900 lana
434 2828 568 2921 requiris.
609 2840 734 2902 Carolus
754 2841 830 2900 M.'
821 2863 852 2901 ιιι
875 2837 1036 2923 Capitular
1073 2841 1205 2906 Primum
1267 2856 1272 2866 ’

116 2967 120 2980 ·
140 2934 179 2994 de
196 2933 357 2995 maioribus
368 2923 573 3014 capitulisboc
591 2933 704 3044 placuit
721 2929 868 3010 omnibus,
887 2947 921 2995 ut
930 2933 1071 2998 ecclesiae
1084 2935 1206 3014 Christi,

138 3052 215 3110 quae
238 3031 330 3090 modo
357 3039 567 3089 construuntur
589 3029 621 3087 in
649 3028 775 3088 Saxonis
801 3040 832 3087 et
858 3028 927 3088 Deo
952 3041 1104 3110 separttae
1128 3041 1207 3106 sunt,

137 3143 202 3184 nou
221 3124 367 3208 minorem
387 3121 515 3182 habeant
533 3121 697 3196 honorem,
721 3121 773 3181 sed
792 3121 934 3182 maiorem
963 3133 994 3184 et
1014 3117 1206 3185 excellentio-

137 3237 212 3293 rem,
232 3239 331 3296 quam
328 3215 406 3277 lana
424 3215 606 3276 habuissent
611 3215 768 3276 idolorum.

157 3313 197 3370 V.
236 3309 286 3369 De
309 3309 477 3385 Sacrilegias
497 3331 554 3386 per
572 3309 730 3372 Ecclesiae
1154 3349 1157 3354 ·

139 3402 267 3466 Carolus
287 3401 364 3463 M.
354 3423 386 3460 ιιι
407 3401 567 3480 Capitular.
587 3406 614 3462 2.
646 3399 763 3477 siquis
784 3395 937 3456 ecclesiam
960 3392 1015 3478 per
1030 3396 1204 3461 violentiam

139 3495 320 3560 contravenit
344 3493 424 3555 etin
446 3513 479 3554 ea
499 3510 554 3574 per
572 3489 645 3552 vira
643 3490 697 3552 set
718 3491 827 3552 furtum
847 3489 958 3572 aliquid
978 3487 1139 3556 abstulerit*
1155 3495 1205 3557 vel

139 3593 232 3672 ipsam
253 3589 433 3651 ecclesiam'
423 3608 493 3696 rgne
513 3587 694 3662 cremaverit,
714 3598 809 3647 morte
825 3587 981 3648 moriatur.
1021 3620 1025 3634 ·

96 3684 238 3750 Deseris
263 3705 297 3745 ac
316 3669 448 3744 barbaris
474 3679 605 3740 moribus
635 3691 666 3740 et
683 3672 870 3740 'crudelitate
881 3693 1014 3742 veteram
1035 3679 1203 3743 Germano-

96 3801 167 3841 rum
187 3791 231 3838 et'
236 3778 385 3838 Saxonum
407 3774 601 3837 Einhardus'
592 3795 624 3833 ιιι
644 3773 702 3835 vita
723 3773 826 3834 Caroli
839 3773 955 3856 Magni.
1205 3837 1222 3856 l

139 3871 288 3954 Saxones,
307 3871 420 3958 inquit,
438 3868 525 3930 sicuti
546 3887 667 3928 omnes
662 3867 733 3927 lere
754 3866 944 3927 Germaniam
963 3865 1154 3928 incolentes
1149 3886 1203 3927 ua-

141 3965 247 4026 tiones
264 3975 423 4026 stratura
448 3965 565 4023 feroces
591 3972 621 4023 et
645 3959 735 4021 cultui
757 3961 932 4020 daemonum
945 3955 1048 4021 dediti
1067 3971 1201 4040 noemae-

143 4079 202 4138 que
226 4059 363 4143 religioni
391 4057 531 4118 contrarii
556 4065 663 4136 neque
679 4054 776 4116 divina
802 4073 913 4134 neque
911 4047 1077 4114 ιιιιιιιιιιι)
1060 4071 1130 4111 sura
1156 4033 1203 4112 vel

141 4149 275 4233 polluere
294 4149 342 4214 vel
361 4149 557 4238 transgredi'
548 4171 579 4210 ιιι
598 4151 754 4214 honestum
774 4147 999 4214 arbitrabantur.
1070 4175 1073 4186 ·

98 4245 185 4308 Talis
211 4245 304 4331 igitur
328 4245 441 4374 lerocia
466 4255 497 4306 et
524 4243 681 4350 crudelitas
706 4233 826 4324 capitali
844 4258 944 4323 poena
969 4229 1175 4362 reprbuenda'
1170 4247 1229 4299 et*

99 4343 266 4404 coercenda
287 4345 360 4404 erat.
933 4367 935 4378 ·
1063 4363 1066 4374 ·
