2900 5086
283 597 347 638 cum
361 533 610 656 compidbendere
621 574 741 636 minime
761 573 900 654 quiverit,
918 583 949 634 et
966 571 1075 635 ibidem
1089 569 1275 633 interfecerit
1293 591 1397 646 reum,

285 669 420 752 superior
440 679 609 750 permaneat
626 666 780 728 sententia
820 667 880 728 Sed
899 679 997 728 tamen
1022 685 1056 726 ea
1077 683 1187 746 genera
1211 664 1308 727 trium
1336 666 1395 724 bo-

282 752 478 838 micidiorum,
498 761 596 832 debita
614 760 715 822 vicinis
734 759 802 836 suis,
822 761 915 822 ethis
935 759 986 840 qui
1004 750 1148 832 assistunt,
1167 757 1311 838 insignes.
1344 759 1397 818 De

285 878 384 938 pugna
404 858 538 928 duorum,
558 855 636 934 quud
656 853 828 914 Webadinc
848 854 1021 929 vocatur¹)‚
1039 861 1074 913 ut
1092 850 1172 930 prius
1191 850 1397 912 insortiantur

286 971 372 1030 quam
391 948 484 1030 parati
503 959 586 1021 sunt,
617 967 654 1005 ne
674 945 751 1005 sorte
772 943 964 1018 carminibus,
994 943 1039 1008 vel
1059 943 1200 1004 macbinis
1221 943 1396 1018 diabolicis,

285 1043 334 1110 ,vel
359 1041 478 1122 magicis
504 1039 613 1100 artibus
639 1037 821 1100 insidiantur.
868 1038 929 1114 Qui
953 1060 1040 1118 supra
1066 1035 1232 1117 praedictae
1256 1059 1397 1120 pugnae,

288 1137 368 1216 quod
393 1132 591 1216 cloarfooiffl)
616 1132 752 1206 diximus,
783 1143 903 1212 peracto
922 1131 1059 1206 ¹iudicio,
1088 1151 1120 1189 se
1146 1129 1232 1188 simili
1256 1132 1395 1197 vindicta

287 1214 403 1310 eri⁸gere
416 1239 517 1288 contra
531 1237 722 1305 quaerentem
737 1225 975 1306 praesumpserit,
990 1235 1201 1292 sacramentum
1220 1227 1305 1304 quod
1321 1238 1396 1286 ante
1438 1231 1439 1236 ’

288 1323 319 1382 id
339 1321 459 1395 dicitur,
479 1321 555 1380 iuret
574 1319 604 1386 ia
623 1318 772 1392 Ecclesia,
792 1341 857 1404 cum
877 1317 970 1381 tribus
990 1317 1147 1377 nominatis
1167 1320 1393 1380 sacramentali-

232 1469 236 1477 .
288 1415 392 1490 bus⁸).
431 1413 479 1474 De
499 1433 535 1474 eo
557 1411 637 1492 quod
655 1411 784 1477 Baioarii
804 1411 966 1492 Stapsaken
985 1410 1095 1486 dicunt,
1115 1409 1147 1470 in
1166 1411 1262 1474 verbis
1283 1413 1394 1491 quibus

288 1529 324 1568 ex
342 1518 454 1568 vetusta
474 1505 685 1568 consuetudine
705 1523 887 1591 paganorum
906 1503 1071 1592 idolatriam
1090 1507 1261 1586 reperimus,
1283 1517 1320 1566 ut
1339 1507 1391 1566 de·
1438 1507 1439 1598 l

288 1602 390 1680 inceps
410 1619 472 1660 uon
492 1599 592 1672 aliter,
623 1597 679 1658 nisi
698 1598 808 1658 indicat
834 1596 883 1678 qpi
909 1598 1008 1682 querit
1032 1598 1171 1676 debitum,
1210 1601 1295 1660 Haec
1321 1599 1392 1658 mibi
1438 1605 1439 1656 ξ

194 1703 198 1710 ’
291 1693 398 1754 iniuste
425 1691 568 1752 abstulisti
593 1710 667 1770 quae
693 1691 817 1752 reddere
842 1687 940 1753 debet.
978 1691 1056 1781 licus·
1079 1713 1150 1754 vero
1176 1704 1282 1754 contra
1304 1692 1392 1766 dicat,

289 1769 346 1846 ricc
365 1786 423 1846 boc
441 1783 593 1859 abstulisti,
613 1804 668 1844 nec
679 1802 859 1863 componere
877 1781 982 1844 debeo.
1014 1785 1123 1846 Iterata
1142 1807 1226 1861 voce,
1245 1787 1390 1864 requisito

291 1878 408 1953 debito,
440 1877 533 1952 dicat,
565 1875 751 1941 extendamus
778 1876 908 1936 dexteras
933 1887 1047 1938 nostras
1067 1880 1103 1942 ad
1123 1878 1228 1940 iustum
1248 1879 1390 1938 iudicium

289 1971 363 2045 Dei,
387 1982 418 2030 et
436 1980 507 2030 tunc
532 1991 633 2032 manus
658 1969 938 2048 dexteras,uterque
962 1969 999 2030 ad
1026 1971 1138 2032 caelum
1162 1972 1311 2032 extendat.
1349 1973 1390 2033 Ut

259 2053 262 2068 ⁵
289 2063 386 2124 nullus
411 2063 546 2124 furtivam
570 2083 633 2122 rem
658 2061 820 2142 suscipere,
848 2062 895 2124 vel
921 2061 999 2126 intra
1024 2066 1181 2127 terminum
1206 2065 1389 2143 abscondere

288 2167 468 2237 praesumat,
497 2155 548 2235 qui
571 2155 628 2217 hoc
653 2155 757 2216 lecerit
775 2157 836 2216 XL.
859 2154 970 2216 solidos
996 2169 1165 2238 componat.
1215 2159 1260 2216 Ut
1283 2159 1315 2218 bi
1343 2160 1392 2240 qui

246 2287 250 2296 ι
289 2249 396 2310 Ducali
415 2269 504 2310 manu
522 2246 608 2310 liberi
629 2249 736 2310 dimissi
755 2260 832 2323 sunt,
852 2249 889 2312 ad
906 2249 1007 2334 eadem
1024 2262 1169 2331 cogantur
1182 2250 1285 2312 iudicia
1299 2273 1389 2330 quam

289 2342 419 2404 Baioarii
442 2341 557 2404 Urtella
583 2342 692 2404 dicunt.
730 2343 774 2401 Ut
798 2341 829 2402 bi
852 2341 903 2420 qui
927 2341 957 2402 in
976 2343 1115 2404 Ecclesia.
1128 2342 1294 2406 libertatem
1315 2365 1388 2406 con-

290 2437 462 2515 quirebant,
493 2435 646 2514 deinceps,
664 2447 723 2496 tam
744 2433 799 2513 ipsi
818 2453 905 2512 quam
925 2455 1026 2496 cortun
1047 2437 1219 2516 posteritas,
1237 2439 1389 2503 insecura
1437 2513 1438 2526 χ

207 2539 210 2548 “
290 2527 426 2590 libertate
446 2538 651 2608 permaneant,
682 2525 739 2586 nisi
763 2526 841 2588 forte
860 2527 917 2590 sibi
936 2529 1054 2610 ipsimet
1072 2529 1231 2592 insolubile
1252 2533 1388 2593 damnum

290 2621 429 2698 inserant,
450 2621 529 2700 quod
549 2641 729 2700 componere
748 2621 867 2682 minime
888 2622 1053 2701 quiverunt.
1093 2621 1154 2696 Qui
1180 2644 1214 2684 ex
1240 2625 1280 2684 eis
1309 2626 1388 2686 occi-

291 2715 413 2788 dentur,
433 2713 560 2792 pretium
580 2733 682 2774 corum
702 2713 746 2772 bis
765 2713 894 2773 solvatur
912 2713 1074 2789 Ecclesiis,
1102 2715 1154 2776 ubi
1174 2716 1260 2778 liberi
1280 2717 1389 2782 dimissi

226 2845 231 2854 -
290 2817 367 2866 sunt.
396 2805 497 2864 Liberi
518 2806 567 2882 qui
586 2805 623 2864 ad
642 2803 804 2864 Ecclesiam
824 2804 933 2866 dimissi
952 2818 1020 2866 sunt
1039 2806 1142 2882 liberi,
1160 2809 1209 2870 vel
1228 2832 1283 2890 per
1301 2812 1388 2873 cbar-

289 2906 349 2954 tam
369 2907 546 2974 acceperunt
564 2893 730 2956 libertatem
750 2916 767 2956 a
783 2897 877 2978 Rege,
896 2898 920 2960 si
940 2897 1112 2960 occidantur
1122 2900 1211 2962 Lxx.
1230 2903 1283 2970 sol.
1304 2926 1389 2966 corn·

288 2998 439 3068 ponantur
457 2988 605 3048 Ecclesiae
625 2988 671 3050 vel
690 2988 755 3048 filiis
776 3010 888 3066 eorum,
908 2990 939 3050 in
959 2991 1119 3054 Dominico
1138 2995 1200 3057 XL.
1220 2996 1270 3056 sol.
1295 3017 1386 3058 com-

288 3091 446 3160 ponantur.
479 3081 519 3141 .Si
539 3081 642 3143 ancilla
662 3081 755 3144 libera
775 3083 889 3144 dimissa
902 3083 991 3144 luerit
1009 3105 1063 3164 per
1083 3086 1211 3148 chartam
1222 3089 1312 3153 autin
1324 3093 1386 3152 Ec-

288 3175 376 3236 clesia
396 3185 426 3236 et
445 3173 566 3254 posthac
585 3195 668 3236 servo
689 3175 837 3254 nupserit,
857 3174 1005 3238 Ecclesiae
1025 3179 1130 3242 ancilla
1149 3195 1311 3261 permanet.
1356 3186 1387 3246 Si

288 3279 385 3328 autem
410 3267 503 3328 libera
526 3267 664 3328 Bnioario
690 3289 775 3330 servo
795 3267 944 3330 Ecclesiae
970 3273 1104 3351 nupserit
1130 3286 1160 3334 et
1182 3275 1286 3336 servile
1309 3299 1384 3358 opus

289 3359 394 3419 ancilla
414 3360 633 3435 contradixerit,
653 3361 800 3437 abscedat,
819 3362 842 3422 si
863 3372 960 3428 autem
978 3362 1020 3424 ibi
1039 3365 1114 3426 lilios
1130 3365 1177 3426 vel
1197 3367 1270 3430 filias
1288 3390 1387 3452 gene·

214 3473 220 3491 ¹
286 3450 406 3523 raverit,
424 3451 479 3530 ipsi
498 3455 572 3514 servi
593 3466 623 3514 et
642 3454 764 3516 ancillae
778 3468 981 3535 permaneant,
1000 3469 1175 3538 potestatem
1196 3461 1299 3522 exinde
1321 3485 1385 3526 non

287 3542 424 3605 babeant.
469 3543 524 3604 Illa
548 3555 642 3605 autem
669 3558 762 3608 mater
781 3556 889 3611 'eorum
914 3551 1032 3630 quando
1059 3551 1137 3612 exire
1160 3552 1288 3614 voluerit
1316 3568 1385 3616 ante

280 3654 380 3694 annos
399 3635 456 3696 111.
481 3635 602 3698 liberam
626 3637 734 3700 babeat
757 3651 948 3720 potestatem
977 3643 1011 3703 Si
1034 3657 1130 3706 autem
1149 3645 1207 3704 Ill.
1222 3666 1317 3708 annos
1338 3650 1385 3708 in'-

189 3745 191 3753 ·
286 3726 433 3788 duraverit
452 3750 525 3812 opus
545 3730 668 3792 ancillae
688 3741 719 3790 et
737 3743 872 3811 parentes
893 3736 952 3798 eius
973 3758 1035 3798 non
1062 3739 1294 3818 esadomaverint
1317 3759 1383 3806 eam

284 3829 318 3878 ut
336 3817 428 3878 libera
448 3821 558 3899 luisset,
576 3845 632 3885 nec
651 3836 720 3886 ante
741 3825 905 3902 Comitem,
924 3849 979 3889 uec
998 3841 1067 3892 ante
1086 3831 1215 3906 Ducem,
1235 3854 1290 3894 nec
1311 3847 1384 3896 ante

166 3953 170 3960 -
284 3911 413 3994 Regem,
432 3933 486 3973 nec
506 3916 536 3975 in
556 3917 676 3997 publico
695 3918 802 3996 mallo,
826 3923 976 3982 transactis
997 3922 1090 3983 tribus
1109 3924 1247 3986 Kalendis
1267 3927 1383 4004 Martis,

324 4074 345 4124 ¹)
359 4073 405 4115 nte
417 4072 576 4133 Vermutbung
588 4089 635 4120 von
650 4078 733 4135 llund,
757 4081 810 4124 dm
826 4079 945 4127 vrrbrdiuc
961 4081 1055 4139 gelmon
1072 4083 1167 4128 werden
1179 4085 1263 4141 abac,
1276 4085 1308 4131 iat
1321 4102 1383 4148 gun

282 4137 364 4186 dnlaob,
389 4140 413 4188 S.
428 4139 482 4186 Zur.
496 4153 525 4183 zu
536 4141 581 4184 den
597 4141 655 4188 nait.
669 4146 693 4191 s.
707 4150 759 4202 ιω,
773 4147 800 4191 Ζ.
814 4152 850 4191 11.
882 4146 958 4202 (ἰωή,
971 4161 990 4192 r.
1003 4163 1026 4193 r.
1042 4143 1104 4197 diac.

318 4209 348 4256 ἠ
362 4206 386 4251 s,
403 4207 509 4263 crass,
527 4205 651 4254 Althaeae.
666 4211 815 4272 spasmus„
829 4214 848 4270 ι,
862 4215 887 4260 a.
902 4217 955 4260 arra.
1436 4265 1437 4280 ,

319 4257 344 4319 ⁸)
358 4273 436 4317 Uelrer
448 4273 489 4316 das
502 4275 595 4318 lurtitut
608 4275 650 4319 der
666 4275 825 4335 Bidaslralser,
852 4293 894 4324 eur
913 4281 966 4326 dem
981 4281 1030 4326 rich
1045 4282 1164 4339 rpdterbin
1176 4283 1201 4328 in
1215 4285 1327 4342 Englend
1342 4286 1380 4329 die
1436 4281 1437 4339 l

281 4334 570 4399 Gercbworeneugericbto
588 4342 718 4389 entwickelt
736 4344 825 4400 buben,
852 4345 881 4390 iat
899 4347 970 4392 ruben
983 4349 1045 4392 oben
1061 4349 1325 4407 perprocbenworden,
1353 4353 1377 4402 S.

281 4399 339 4443 nucb
353 4402 397 4446 deu
414 4405 615 4465 Komm.8.1eo,
631 4409 736 4456 ΔΝΜ.
1079 4435 1084 4449 ·
1434 4415 1436 4540 p
