2960 5094
313 631 317 638 .
356 589 451 652 Euius
468 557 660 667 perlectionls
678 579 828 642 ,deuterio
854 577 970 640 ascend
994 585 1165 660 praesentes
1187 576 1317 659 Legatos
1344 599 1415 642 no-

300 699 377 750 stros
394 679 594 746 Amalharium
612 673 811 736 uenembilam
824 673 1021 736 Treverorum
1030 673 1209 756 Episcopum
1230 685 1261 736 et
1279 672 1415 734 Petrum

300 778 471 862 religiosum
489 771 614 832 abatem
639 766 814 830 venerabilis
838 765 1012 828 Monasterii
1042 780 1210 830 sanctornm
1232 767 1413 849 Apostolo-

301 875 367 936 rum
387 869 424 932 ad
442 879 509 927 tuae
529 863 652 925 dilectae
671 860 873 920 Frater-nitatis
893 859 1053 942 gloriosam
1075 861 1271 940 praesentiam
1291 861 1411 924 direxi·
1460 895 1461 900 κ

176 989 182 1003 r
300 987 374 1041 mus,
392 973 426 1024 ut
444 961 521 1020 iuxta
541 956 621 1037 quod
639 953 740 1014 fideles
758 952 862 1034 Legati
888 952 1011 1012 dilectae
1030 953 1234 1014 Fraternitatis
1253 965 1321 1014 tuac
1345 954 1414 1012 Mi-

301 1057 385 1121 chael
399 1049 579 1116 uenerabilis
598 1045 800 1128 Metropolim,
819 1055 850 1104 et
868 1044 1028 1126 Arsaplsius
1048 1065 1081 1106 ac
1102 1045 1315 1129 Theognostus
1334 1046 1412 1126 glo-

299 1151 371 1214 riosi
390 1141 622 1226 Protospatharii
641 1139 795 1202 nobiscum
815 1137 961 1213 fecerunt,
979 1138 1165 1218 suscipiendo
1186 1139 1301 1200 anobis
1323 1140 1414 1220 pacti
1460 1127 1461 1184 3

300 1240 559 1321 conscriptionem,
577 1246 636 1296 mm
656 1235 756 1293 nos'tra
776 1231 907 1312 propria,
927 1251 1014 1310 quarn
1035 1230 1269 1294 ctSaccrdotum
1281 1233 1410 1294 etPro-
1459 1273 1461 1334 ι

300 1357 399 1400 cerum
418 1341 587 1392 nostrorum
605 1323 821 1404 subscriptione
840 1323 997 1396 firmatam
1015 1323 1057 1386 ita
1077 1335 1108 1384 et
1126 1326 1281 1386 memorati
1294 1323 1412 1409 Legati
1460 1343 1461 1396 l

299 1427 393 1490 nostri
410 1421 540 1484 foederis
558 1417 805 1500 conscriptionem
824 1428 903 1476 tuam
923 1418 1169 1496 sescentorum,
1189 1419 1411 1480 Patriciorum-
1460 1417 1461 1440 l

299 1541 356 1602 qua
381 1539 416 1580 ac
439 1517 601 1578 Procerum
615 1515 742 1572 'tuorum
765 1509 1028 1590 subscriptionibus
1059 1511 1244 1588 roboratam,
1276 1533 1293 1579 a
1317 1532 1411 1574 sacro

299 1625 402 1678 sancto
422 1608 518 1688 Altari
531 1618 605 1666 tuae
623 1627 724 1666 manus
744 1605 935 1685 porrectione
954 1606 1124 1686 suscipiant,
1145 1617 1184 1682 et,
1203 1606 1273 1666 Deo
1285 1606 1349 1666 iter
1371 1604 1410 1664 il·

299 1709 396 1770 lorum
414 1699 670 1785 properantepad
690 1719 744 1760 nos
764 1697 912 1770 deserant;
932 1698 1000 1778 quia
1020 1710 1051 1760 ct
1069 1699 1144 1760 ratio
1164 1698 1355 1779 postulabat,
1377 1709 1409 1757 et

298 1801 364 1864 talis
384 1797 441 1858 luit
458 1806 560 1856 nostra
580 1803 611 1852 ct
628 1790 807 1874 Legatorum
826 1803 944 1853 tuorum
964 1792 1182 1868 convenientia,
1200 1804 1313 1872 etpost
1330 1812 1408 1872 pro·

300 1894 462 1956 sectionem
485 1887 621 1962 illorum,
650 1907 716 1946 cunr
740 1885 866 1966 primum
886 1886 1264 1968 opportunumnavigandi
1283 1899 1407 1965 ternpus

299 1983 466 2058 adveniret,
490 1981 618 2062 Legatos
637 1990 754 2040 nostros
773 1979 810 2040 ad
827 1990 896 2040 tuae
921 1979 1044 2040 dilectae
1062 1977 1266 2042 Fratcruitatis
1286 1977 1407 2061 glorio-

209 2097 211 2102 ·
299 2099 359 2141 sam
377 2071 572 2158 praesentiam
590 2071 786 2148 mitteremus,
814 2072 865 2151 qni
886 2071 1081 2151 supradictam
1105 2071 1184 2152 pacti
1206 2071 1251 2131 sui
1269 2071 1405 2132 foederis

299 2169 560 2250 conscriptionem,
578 2176 609 2226 te
629 2165 727 2240 dante,
746 2165 937 2246 susciperent,
957 2175 987 2224 et
1006 2165 1093 2224 nobis
1112 2164 1268 2224 adferrent.

359 2264 428 2340 Qua
453 2270 576 2342 propter
600 2277 737 2340 rogamus
767 2257 901 2318 dilectam
928 2267 958 2318 et
984 2256 1144 2339 gloriosam
1172 2256 1405 2320 Fraternitatem

299 2367 388 2434 tuam,
408 2365 441 2416 ut
459 2353 484 2416 si
503 2352 559 2413 tibi
578 2350 639 2427 illa,
659 2371 745 2430 quam
765 2370 820 2411 uos
840 2349 962 2410 fecimus
982 2361 1013 2410 et
1031 2349 1087 2410 tibi
1096 2349 1232 2427 misimus,
1252 2349 1334 2430 pacti
1352 2351 1405 2412 de·
1459 2417 1460 2422 η

299 2445 421 2530 scriptio
441 2447 602 2527 placuerit,
626 2443 750 2507 similem
774 2442 817 2501 illi
836 2441 947 2526 graecis
967 2441 1059 2504 literis
1080 2445 1293 2524 conscriptam,
1314 2455 1347 2504 et
1368 2462 1408 2519 cu¹
1457 2448 1458 2467 ¹

298 2542 399 2618 modo,
419 2558 479 2620 quo
500 2537 632 2618 superius
653 2536 784 2611 diximus,
803 2535 988 2612 roboratam,
1008 2537 1106 2620 ,Missis
1126 2536 1233 2600 nostris
1252 2556 1403 2598 memora-

297 2634 335 2696 tis
356 2635 425 2694 darc
446 2629 585 2712 digneris,
605 2649 726 2708 eosque,
746 2640 900 2710 postquam
926 2631 962 2694 ad
981 2642 1012 2691 te
1031 2631 1181 2707 venerint,
1205 2640 1342 2706 etate,
1362 2629 1402 2689 si·
1455 2694 1459 2713 Ι

299 2739 351 2788 cut
367 2727 398 2786 in
416 2735 467 2784 tua
486 2723 607 2784 caritate
628 2733 681 2797 est,
700 2722 825 2798 fidimus,
843 2721 974 2806 benigne
993 2724 1119 2804 suscepti
1138 2723 1264 2807 luerint,
1288 2711 1402 2802 abs'que
1456 2736 1459 2758 *

298 2837 362 2877 non
381 2815 542 2877 necessaria
562 2813 702 2876 dilatione
722 2813 873 2876 absolvere
897 2815 1012 2890 iubeas;
1035 2827 1068 2875 ut
1092 2816 1128 2876 de
1154 2808 1273 2876 illorum
1292 2816 1402 2890 reditu,

298 2911 386 2972 etde
409 2921 477 2969 tuae
504 2906 628 2968 dilectae
647 2906 849 2968 Fraternitatis
877 2910 1037 2992 rescripto,
1063 2909 1195 2970 Domino
1222 2907 1400 2988 opitulante,

299 3005 486 3088 gaudeamus,
506 3011 536 3062 et
554 2999 610 3061 tibi
629 3000 753 3084 largitor
772 3002 903 3063 omnium
922 3003 1069 3064 bonorum
1078 3003 1159 3063 Deus
1175 3002 1263 3084 digna
1282 3023 1400 3064 recom-

298 3095 472 3180 pensatione
490 3095 634 3171 rcstituat,
654 3095 735 3175 quod
752 3089 851 3174 pacis,
876 3116 962 3176 quam
981 3093 1031 3158 itte
1051 3113 1117 3154 suos
1137 3095 1216 3154 inter
1235 3115 1266 3155 se
1286 3096 1399 3158 habere

299 3191 459 3273 praecepit,
478 3199 590 3252 amator
609 3199 640 3251 et
658 3187 849 3251 confirmator
868 3207 930 3251 esse
949 3187 1073 3248 certasti
1111 3188 1195 3250 Bene
1213 3189 1293 3252 vale!

748 3389 947 3406 m

691 3565 694 3574 ⁴
779 3533 923 3603 xxvtt.

332 3651 578 3715 verhllltnll'n
601 3651 823 3796 Πειιιιιᾶω
834 3659 1056 3798 altorem·
1078 3677 1130 3721 uu
1145 3661 1366 3732 Kartum

786 3754 834 3798 ro
874 3755 937 3801 en.
1059 3773 1061 3779 ·

421 3872 574 3930 'Mon-ets.
597 3875 800 3941 Sangallens.
819 3876 851 3942 Il,
866 3877 891 3934 8.
907 3879 932 3945 9,
948 3901 974 3954 p.
992 3883 1147 3952 751-753‚
1164 3881 1268 3938 Parta.

355 4007 462 4078 &Per
486 4005 564 4067 idem
587 4019 703 4088 tempus
728 4011 814 4072 etiam
845 4011 936 4094 legati
959 4014 1116 4078 Persarum
1140 4017 1176 4077 ad
1201 4037 1268 4076 eum
1294 4009 1395 4077 directi

299 4113 375 4166 sunt.
415 4099 477 4178 Qul
502 4099 588 4160 situm
607 4093 753 4164 Franciae
778 4103 958 4182 nescientes,
991 4129 1047 4188 pro
1072 4129 1179 4194 magno
1200 4109 1353 4181 duxerunt,
1372 4101 1395 4162 si
1454 4087 1458 4105 ’

300 4193 366 4255 litus
386 4193 490 4257 Italiac
509 4203 633 4276 propter
652 4193 845 4258 famositatem
864 4197 1044 4278 ttomsecut
1063 4215 1134 4264 tunc
1147 4201 1229 4262 illum
1249 4203 1393 4282 imperare
1457 4189 1458 4192 ¹

300 4297 489 4367 cognoverat,
504 4286 730 4368 apprehendere
749 4291 912 4354 valuissent.
952 4289 1086 4375 Cumque
1105 4293 1250 4376 episcopis
1268 4294 1393 4370 Campa·

299 4375 367 4437 niae
385 4378 433 4438 vel
452 4380 586 4459 Tusciae,
605 4381 729 4444 Emiliae
747 4382 794 4445 vel
811 4384 962 4468 Liguriae,
977 4387 1227 4470 Burgundiaeque
1246 4387 1307 4453 sive
1320 4379 1393 4444 Gal·
