2900 5086
470 405 476 414 .

530 434 729 506 uss·

629 547 634 558 Ι

249 601 277 661 0
297 601 415 662 soboles
433 597 584 678 praeclara
602 599 701 675 nimis,
718 618 806 679 quam
824 583 947 690 semper,
958 603 1062 679 amavi,

296 695 396 756 Corde
414 705 519 754 tenens
538 692 639 753 retulit
658 692 739 773 quod
757 692 926 756 Patriarcha
942 657 1016 757 'mihi

243 785 381 870 Paulinus
402 787 559 866 quondam.
598 787 687 846 Fama
708 798 761 860 est,
780 785 953 848 Patriareha
968 787 1182 880 benignus
1169 838 1172 847 ,

293 883 423 939 Venerat
443 880 479 940 ad
498 880 591 940 Sedes
610 880 694 962 Rege
713 879 833 940 iubente
853 881 923 961 pias.

246 974 379 1050 Cumque
400 973 457 1038 die
469 975 592 1053 quadam
611 973 743 1033 Ecclesia
762 973 932 1034 residerel'
923 995 954 1033 m
974 974 1058 1050 alma,

291 1065 442 1126 Attonitus
464 1066 583 1128 Christo
603 1066 743 1147 psalleret
762 1067 812 1138 ille
831 1067 936 1142 melos,
998 1059 1003 1078 ‘

244 1157 389 1240 Contigit,
409 1170 441 1217 ut
461 1159 639 1246 nactust),
657 1159 776 1220 soboles
796 1159 946 1239 praeclara
965 1163 1083 1241 parenti

266 1319 269 1327 Ι
293 1251 388 1311 Oratu
406 1247 568 1312 Procemm
587 1263 727 1335 pergeret
745 1263 849 1314 auctus
866 1273 934 1332 ope.

242 1345 329 1424 Isque
349 1365 428 1404 aram
447 1365 697 1428 properans‘cum
717 1347 906 1426 processisset
925 1346 962 1406 ad
980 1346 1071 1424 illam,
1130 1375 1133 1385 ·

294 1436 364 1510 Quo
385 1459 467 1498 sacer
487 1439 604 1498 antistes
623 1439 724 1498 munia
744 1440 833 1522 digna
853 1439 951 1500 dabat.

236 1525 391 1602 Paulinus,
411 1531 475 1610 quis
496 1543 526 1590 at
544 1529 703 1606 ille-leret,
722 1528 790 1591 nlox
810 1533 926 1614 flagitat
944 1532 1034 1609 ultro,
1094 1525 1112 1609 s'

290 1623 452 1684 Intendens
471 1623 595 1683 famulus
613 1625 742 1686 r'eddidit
761 1646 827 1686 orsa
846 1626 913 1686 sihi.

241 1715 296 1776 Ille
317 1727 348 1775 et
366 1705 509 1798 cognovit
528 1715 651 1794 primam
671 1717 807 1778 sobolem
828 1717 906 1780 hudc
926 1718 993 1780 sore
1012 1720 1114 1802 Regis,

291 1810 461 1883 Conticuit3
482 1819 620 1886 coeptum
640 1809 690 1870 ille
712 1823 849 1894 peragrat
867 1813 933 1872 iter.
963 1853 968 1864 t

172 1906 195 1976 ,’
240 1905 379 1984 Denique
399 1913 468 1982 post
485 1899 611 1981 spatium
630 1901 773 1981 Pippinus
793 1915 913 1966 venerat
932 1905 1020 1966 heros

291 1994 541 2078 Magnanimdm
531 2014 669 2053 iuvenum
689 2016 755 2054 cum
775 1998 934 2058 comitante
953 1997 1057 2059 choro.

241 2087 381 2150 Paulinus
400 2088 533 2150 celerans
552 2077 692 2147 famulum
712 2089 864 2167 compellit
883 2091 1020 2168 eundem,

290 2181 331 2240 Et
349 2193 448 2263 rogat:
469 2180 554 2240 Ille'
544 2191 651 2240 rterum
670 2201 738 2241 vera
758 2181 871 2242 referre
890 2196 1029 2260 parat.

225 2266 363 2334 'Praesul
382 2287 415 2334 ut
433 2272 555 2357 agnovit
573 2293 695 2348 numen,
713 2273 910 2354 Regique**)
929 2277 1098 2352 recordans,

290 2367 361 2425 Mox
380 2379 468 2447 caput
487 2366 648 2426 inclinans:
669 2366 768 2447 pergit
787 2378 817 2426 at
836 2367 886 2426 ille
903 2366 995 2426 celer.

193 2481 198 2501 ι
239 2459 368 2520 Ultimus
388 2479 457 2519 eece
476 2459 558 2519 venit
577 2458 779 2536 Hludowicus,
800 2471 831 2518 et
850 2459 931 2519 ocius
951 2480 1030 2557 araup

289 2551 480 2632 Amplectens
498 2551 621 2630 supplex
640 2553 780 2612 sternitur
799 2563 888 2632 atque
907 2552 983 2614 solo.

230 2644 521 2726 ¹Inlachrymansque
542 2643 593 2703 diu
612 2643 749 2726 precibus
769 2645 912 2726 poscebat
932 2641 1054 2724 Olympi

287 2737 474 2818 Regnantem
494 2734 653 2814 Christum,
674 2759 734 2818 quo
754 2736 810 2798 sibi
831 2738 923 2797 ferret
942 2757 1041 2816 opem.

239 2830 307 2888 Hoc
326 2829 488 2903 σιω-Ἤ)
508 2828 664 2904 aspiciens,
682 2829 752 2888 sella
772 2849 804 2889 se
824 2831 941 2890 sustulit
959 2831 1064 2892 ardens

292 2918 481 2997 Compellare
500 2938 614 2978 sacrum
634 2941 700 2978 cum
719 2921 829 2998 pietate
847 2923 951 2980 virum.

240 3015 337 3073 Antea
356 3031 424 3071 nam
442 3010 563 3089 Pippin,
584 3010 755 3088 Caroloque
774 3011 911 3087 abeunte,
930 3014 1015 3074 sedili

289 3106 443 3180 Haeserat,
463 3115 493 3163 et
513 3102 599 3162 nullis
619 3101 740 3166 vocibus
761 3122 828 3163 orsa
847 3103 944 3163 dahat.

240 3199 380 3278 Denique
399 3198 500 3276 Rex’s)
519 3197 670 3273 vateml-l)
691 3205 823 3274 prostato
845 3215 973 3274 corpore
993 3199 1106 3277 adorat,
1193 3259 1202 3276 x

289 3291 428 3352 Paulinus
448 3291 562 3373 Regem
580 3288 702 3369 suscipit
721 3308 790 3348 ecce
809 3287 900 3368 pium.

242 3384 388 3466 Hymnica
408 3383 484 3444 dicta
504 3383 587 3443 dedit
604 3382 760 3460 variotst)
779 3402 915 3443 sermone
934 3382 1057 3444 referta:

290 3477 398 3559 Perge,
418 3478 467 3553 ait,
487 3477 524 3536 ad
545 3474 684 3536 Carolum
704 3497 760 3555 pro
780 3475 900 3556 pietate.
938 3475 1021 3536 Vale.

244 3568 378 3631 Caesaris
397 3582 432 3632 ut
449 3569 545 3651 primo
565 3581 645 3630 vates
665 3569 857 3649 pervenitad
877 3589 987 3647 aurem,

225 3709 235 3727 ,
291 3662 406 3724 Ordine
426 3675 531 3725 cuncta
549 3683 603 3722 sun
622 3662 695 3722 haec
714 3662 847 3724 recitavit
866 3662 932 3723 eis,

240 3757 276 3819 si
293 3757 433 3837 Deus*†)
453 3778 470 3818 e
489 3767 588 3818 vestro
607 3756 790 3818 Francorum
809 3755 921 3836 semine
940 3757 1054 3840 Regem

141 3910 225 3962 *)1)er
238 3909 312 3955 Sohn.

133 3957 261 4030 ”Hortis
274 3975 415 4035 negantque.
442 3975 536 4021 Scilicet
547 3977 692 4032 reeordatus,
706 3987 760 4019 eunt
772 3986 822 4019 esee
834 3970 928 4020 ltaliae
932 3989 1028 4038 regem
1045 3991 1099 4020 mor
1111 3975 1136 4021 ei
1148 3993 1190 4024 ee·

126 4044 248 4100 taperuit.

95 4057 196 4160 ⁹2*ss
211 4123 232 4152 e.
247 4109 362 4153 edendos.
389 4109 476 4170 fleufig
487 4109 644 4156 heillrmold.

140 4174 167 4228 †)
181 4174 304 4223 Nehmlieh
317 4175 475 4231 maog„
499 4168 577 4230 ††jl.
592 4190 611 4224 e.
624 4175 791 4231 patriercham.
816 4200 843 4210 -
866 4177 929 4230 †††)
942 4174 1010 4235 orig
1024 4175 1153 4222 hetvarls.

129 4241 169 4297 υς)
181 4242 311 4301 llehrigerrr
323 4243 382 4286 wird
398 4244 456 4285 elren
470 4242 533 4284 diere
546 4242 676 4298 Prophetes
678 4255 734 4302 ung,
751 4243 803 4286 dese
815 4241 913 4299 Lndwig
926 4242 969 4284 det·
981 4241 1126 4302 Naeltfolger
1140 4245 1187 4290 aeis

95 4309 232 4354 servarem
254 4309 315 4352 llerl
330 4308 380 4352 rein
396 4310 485 4364 werde,
503 4322 549 4350 von
568 4309 672 4352 anderen
684 4307 797 4352 Aleua'n'
789 4323 814 4351 ιιι
831 4309 876 4351 den
887 4308 962 4350 Muud
979 4309 1067 4367 gelegt.
1093 4309 1117 4356 S.
1133 4311 1187 4356 Vite

96 4375 190 4431 Aletrini,
209 4389 260 4431 eap
278 4375 334 4423 X.'
327 4389 351 4422 ru
368 4375 477 4421 denAet.
496 4374 539 4419 SS.
553 4375 609 4419 0rd.
622 4375 652 4426 S
667 4375 801 4430 Benedicti,
818 4374 883 4419 Sese.
903 4375 950 4427 tv,
968 4382 1031 4432 part.
1047 4377 1074 4432 l,
1096 4381 1184 4434 peso.

96 4441 555 4498 toronrz,oeteaAleutu,8.108.
