2960 5094
674 327 679 342 ἱ
713 332 718 362 Ι
802 307 806 312 .

544 427 666 496 ’ὃῦ

571 721 693 792 XXIX.

77 843 294 913 Exemplar·
321 845 513 914 epistolae
539 847 727 914 §multant
754 849 885 918 Papae
912 851 963 904 nat
989 805 1211 910 domnum*
1294 857 1299 864 '

78 926 206 980 Carolum
226 943 250 980 et
269 929 474 982 Carlomannum
494 931 574 997 Reges
598 932 710 982 directae
729 931 907 998 prohibendo,
925 947 1002 1004 atque
1019 953 1078 988 eum
1093 933 1180 987 nimiis

77 1009 288 1082 adjurationibus
316 1012 472 1078 obligando,
499 1027 527 1066 ut
553 1017 682 1096 degente
705 1013 937 1102 Langobardorum,
962 1037 1053 1070 uxores
1073 1017 1180 1070 minime

552 1114 705 1169 “imperem-

137 1229 270 1289 Domnis
294 1231 536 1292 excellentissimis
563 1231 628 1292 liliis
654 1231 744 1291 Carlo
772 1242 804 1290 et
825 1230 1022 1293 Carlomanuo
1046 1235 1179 1316 Regibus

75 1321 268 1382 Francorum
297 1335 327 1383 et
356 1325 487 1384 Patrieiis
512 1324 713 1383 Romanorum
758 1323 925 1402 Stephanus
953 1324 1041 1403 Papa.
1097 1322 1176 1385 Drini
1242 1341 1250 1356 ‘
1296 1339 1300 1347 ’
1376 1371 1380 1384 .

75 1415 212 1474 omnium
233 1415 402 1476 Electnrum
422 1417 480 1476 Dei
501 1417 688 1495 praecipuam
707 1417 804 1490 vitam,
826 1429 855 1474 et
875 1416 963 1496 digua
975 1435 1095 1494 operum
1113 1440 1177 1500 me.
1244 1459 1247 1464 Δ

54 1507 129 1566 ‘rita
151 1508 184 1566 in
205 1521 333 1568 nostram
353 1511 522 1568 memoriam
542 1508 735 1583 revolvimus,
754 1509 917 1568 invenimus
942 1507 1079 1586 prolecto
1099 1508 1176 1572 nulla
1205 1521 1208 1532 '

73 1620 124 1658 eos
145 1601 279 1680 potuisse
300 1602 445 1680 qualitatis
466 1601 633 1662 diversitate
653 1601 689 1660 ab
711 1621 813 1660 eorum
835 1600 931 1660 cordis
950 1612 1098 1674 statu,-et
1117 1603 1176 1681 pri-

73 1693 149 1752 stina
171 1694 340 1773 sponsionis
361 1695 524 1773 constantia
544 1694 683 1753 amoveri.
721 1694 810 1752 Unde
831 1705 861 1752 et
883 1693 969 1754 variis
988 1693 1176 1774 antiquina-

72 1785 120 1844 stis
142 1785 327 1846 suasionibus
347 1807 380 1847 ac
401 1779 605 1846 blandimentis
619 1786 1051 1868 circumvallati,·immutabiles
1063 1787 1095 1846 in
1108 1809 1176 1849 suae
1210 1805 1217 1814 ‘

73 1869 181 1936 mentis
201 1879 337 1937 firmitate
365 1890 480 1954 constat
499 1880 704 1966 permansisse:
730 1891 760 1938 et
786 1879 825 1946 ob
852 1879 909 1938 lioc
935 1899 1000 1938 cum
1025 1881 1174 1960 triumpho

72 1968 217 2030 victoriae
244 1972 281 2030 ad
306 1982 406 2048 optata
435 1971 603 2050 pertingere
628 1983 797 2031 meruerunt
820 1971 933 2053 gaudia.
976 1974 1017 2032 Et
1039 1974 1184 2038 nimirum

73 2061 325 2145 considerandum
345 2062 491 2137 estquis,
510 2063 533 2120 si
554 2063 616 2140 quis
637 2063 807 2142 quibusdam
832 2063 1014 2124 suasionibus
1034 2065 1174 2124 demulci-

39 2221 41 2232 ,
72 2165 129 2228 tus,
150 2154 243 2214 victus
266 2153 365 2226 fuerit,
386 2174 402 2211 a
423 2163 506 2210 recto
528 2154 682 2212 confestim
701 2156 831 2229 tramite,
856 2157 905 2234 qui
931 2157 1011 2216 ducit
1029 2159 1064 2216 ad
1084 2157 1174 2218 vitam

73 2257 235 2320 aeternam,
254 2265 309 2326 per
328 2245 453 2323 abrupta
475 2244 624 2304 declinans
645 2245 763 2304 deviare
782 2249 949 2320 contendat,
967 2260 1001 2306 ut
1020 2250 1181 2319 erbocin'

73 2339 238 2415 proclivem
263 2337 415 2398 delabatur
440 2356 553 2396 noxam.
604 2339 678 2396 Nam
711 2336 883 2416 plerumque
909 2351 1020 2396 certum
1044 2352 1087 2398 est
1106 2341 1174 2418 quia

73 2429 160 2510 idern
176 2431 310 2508 antiquus
330 2431 421 2490 hostis
433 2447 495 2510 per
514 2429 658 2488 infirmam
678 2441 811 2489 naturam
822 2428 962 2489 ,lidelium
974 2441 1085 2490 mentes
1104 2431 1173 2490 sub-

73 2509 182 2602 ripere·
195 2523 307 2584 nititur.
345 2521 424 2582 Hinc
444 2535 487 2582 est
507 2523 585 2581 enim
611 2523 691 2601 quod
716 2522 787 2582 olim
812 2522 908 2602 primo
935 2522 1046 2582 homini
1065 2523 1094 2582 in
1114 2523 1173 2596 Pa-

40 2635 42 2640 ·
75 2615 171 2674 radiso
190 2616 353 2682 constituto
373 2637 428 2696 per
446 2615 589 2675 infirmam
609 2615 737 2674 mulieris
763 2625 895 2698 naturam
919 2614 1066 2695 pestiferis
1083 2615 1175 2678 valuit

74 2707 196 2767 suadere
216 2709 431 2784 blandimentis,
451 2709 579 2768 divinum
599 2706 764 2790 transgredi
788 2708 971 2781 mandatum
994 2720 1025 2768 et
1049 2708 1088 2768 ob
1114 2710 1172 2778 lvoc

76 2798 151 2860 dirae
172 2801 275 2861 mortis
295 2803 421 2862 humano
442 2803 544 2883 generi
564 2800 686 2881 inrepsit
705 2799 855 2860 excidium.
891 2802 931 2860 Et
942 2801 1021 2877 ideo,
1040 2802 1170 2887 praecel-
1192 2799 1197 2816 “

76 2889 225 2953 lentissimi
250 2885 317 2970 filli,
345 2895 445 2976 magni
472 2895 568 2976 Reges
592 2905 675 2952 tanto
695 2893 848 2954 studiosius
879 2893 1006 2954 eiusdem
1026 2893 1170 2955 molimini

76 2986 266 3045 resistendum
293 2999 352 3062 est,
384 3007 422 3046 ne
450 3007 622 3066 quemquam
647 2985 703 3044 suis
729 2985 843 3046 irretire
867 2987 962 3047 valeat
981 2988 1169 3068 argumentis,

78 3091 185 3154 quanto
212 3079 356 3140 cernimus
380 3079 438 3140 suis
468 3078 574 3138 crebro
602 3079 715 3140 insidiis
741 3080 776 3139 ad
807 3077 1011 3158 decipiendum
1041 3079 1171 3138 fidelium

76 3173 161 3231 corda
183 3173 325 3232 insisteret

127 3267 235 3344 Itaque
255 3276 372 3324 nostrae
392 3265 536 3344 perlatum
556 3279 600 3328 est
618 3269 753 3344 notioni,
777 3267 858 3347 quod
877 3277 958 3325 certe
977 3283 1045 3322 cum
1059 3279 1167 3342 magno
1218 3265 1240 3338 J

77 3358 168 3418 cordis
200 3357 304 3426 dolore
329 3357 496 3434 didicimus,
526 3363 606 3438 quod
631 3361 800 3420 Desiderius
820 3356 1081 3437 Langobardorum
1104 3354 1168 3414 Rex

77 3462 185 3511 vestrae
210 3449 388 3530 persuadere
411 3449 573 3510 dinoscitur
597 3451 811 3526 Excellentiae,
839 3469 918 3510 suam
947 3444 1034 3507 filiam
1057 3445 1167 3508 unies

77 3555 165 3602 vestra
186 3542 367 3602 fraternitate
387 3542 419 3600 in
439 3543 589 3602 connubio
610 3544 763 3623 copulare:
790 3545 869 3624 quod
890 3543 1033 3620 certe,‚si
1053 3541 1092 3602 ita
1113 3553 1181 3614 estss

76 3627 142 3694 baec
162 3634 282 3714 propria
301 3634 445 3696 diabolica
465 3649 509 3696 est
528 3633 677 3697 immissiot
698 3650 728 3698 et
746 3659 807 3696 non
827 3647 885 3695 tarn
905 3635 1082 3704 matrimonii
1093 3654 1168 3694 con-

77 3721 198 3802 iunctio,
222 3729 273 3788 sed
301 3728 481 3788 consortium
505 3729 696 3808 nequissimae
720 3725 935 3790 adinventionis
961 3747 1021 3786 esse
1040 3727 1173 3794 videtur„

79 3815 222 3890 Quoniam
247 3821 344 3900 plures
370 3821 684 3904 comperimus,‘sicut
712 3822 824 3883 divinae
854 3818 1022 3897 Scripturae
1045 3819 1164 3878 historia
1254 3834 1260 3844 “

76 3907 249 3988 instruimur,
269 3936 323 3995 per
342 3915 415 3975 aliae
435 3913 564 3974 nationis
584 3915 719 3992 iniustam
740 3913 875 3992 copulam
904 3932 920 3971 a
944 3913 1085 3972 mandatis
1105 3911 1164 3969 Dei

76 4001 198 4079 deviare,
218 4015 253 4066 et
266 4007 298 4066 in
317 4027 425 4089 magno
446 4007 600 4068 devolutos
620 4007 760 4066 facinore.
802 4006 887 4080 Quae
908 4017 952 4065 est
971 4007 1058 4076 enirn,
1076 4020 1163 4080 prae·

76 4095 265 4158 cellentissimi
286 4099 348 4175 filii,
366 4100 465 4182 magni
484 4101 595 4180 Reges,
620 4098 686 4158 talis
711 4097 896 4178 desipientia,
924 4110 957 4157 ut
981 4096 1097 4176 penitus
1116 4090 1164 4150 vel
1232 4101 1236 4108 '

77 4185 127 4247 dici
143 4189 246 4266 liceat,
267 4193 346 4270 quod
365 4202 460 4252 vestra
483 4191 632 4270 praeclara
655 4192 834 4262 Francorum
860 4213 947 4273 gens,
974 4205 1047 4265 qnae
1076 4185 1164 4264 sdper

29 4281 30 4342 j
77 4297 170 4344 omnes
196 4295 299 4366 gentes
325 4284 432 4357 enitet,
462 4293 492 4341 et
516 4295 572 4343 tam
598 4282 771 4360 splendiflua
795 4305 828 4344 ac
853 4279 1032 4343 nobilissima
1049 4275 1162 4358 'regalis

29 4439 34 4452 ¹
77 4386 180 4438 vestrae
204 4375 362 4439 Potentiae
387 4374 502 4464 proles,
532 4375 642 4454 perlida
667 4378 763 4458 (quod
782 4376 870 4455 absit)
896 4395 929 4434 ac
955 4368 1163 4430 foetentissima
