2908 5094
70 539 289 620 impendere3
308 533 435 618 qualiter
452 537 689 619 sieutregularis
709 558 815 600 norma
826 521 1010 602 honestatem
1023 561 1148 618 morum,
1167 543 1208 604 ita
1299 574 1319 610 x„

73 652 224 717 quoque
248 632 374 694 docendi
401 643 433 694 et
458 629 591 692 discendi
623 629 759 693 instantia
791 633 912 694 ordinet
936 643 968 694 et
991 646 1078 696 ornet
1101 635 1207 696 seriem
1297 683 1302 690 .

70 725 273 799 verborum
300 726 404 804 utqui
422 725 490 785 Deo
510 725 628 804 placere
648 735 790 803 appetunt
808 738 889 788 reete
908 726 1053 802 vivendo,
1072 729 1100 788 ei
1120 730 1207 790 etiam

71 819 218 900 plaeere
238 840 303 882 non
322 817 480 900 negligant
498 831 579 884 recte
598 819 760 898 loquendo.
798 819 948 902 Scriptum
968 831 1012 879 est
1031 819 1124 880 enim:
1143 821 1208 882 Aa

70 934 121 972 cz·
158 910 261 974 verbis
291 915 351 974 tots
380 910 596 990 iusosscodm's,
624 924 676 972 out
703 932 745 970 ex
771 911 860 974 verbis
883 917 941 973 tuis
963 911 1206 974 mumanae.

70 1001 208 1066 Merula.
228 993 307 1080 Xll,
332 1008 380 1070 37.
420 1001 560 1078 Quamvis
586 1003 664 1064 enim
689 1003 793 1064 melius
820 1005 856 1065 sit
874 1007 952 1066 benc
976 1006 1091 1082 faeere,
1120 1027 1207 1086 quam

69 1119 196 1174 nosse,
217 1099 298 1179 prius
317 1107 416 1156 tamen
437 1109 481 1158 eat
499 1117 587 1158 nosse
608 1118 695 1177 quam
715 1097 824 1158 facere.
869 1098 968 1159 Debet
987 1119 1060 1181 ergo
1081 1099 1207 1180 quisque

71 1192 213 1253 discere
234 1189 315 1269 quod
335 1200 418 1269 optat
437 1189 575 1270 implere;
595 1203 628 1251 ut
646 1203 731 1252 tanto
751 1190 871 1252 uberius
891 1190 961 1268 quid
980 1213 1068 1274 agere
1089 1192 1223 1276 debeat„

67 1285 248 1366 intelligat
266 1281 372 1357 anima,
392 1294 502 1362 quanto
523 1283 554 1342 in
575 1283 789 1364 omnipotentis
808 1283 867 1346 Dei
887 1281 1019 1349 laudibus
1038 1279 1105 1346 sine'
1120 1306 1205 1346 men-

70 1377 252 1438 daciorum
279 1373 466 1458 offendiculis
494 1377 681 1466 'concurrerit
708 1375 819 1459 lingua.
868 1376 945 1436 Nam
980 1396 1044 1436 eum
1070 1379 1205 1439 omnibus

68 1467 267 1531 hominibus
282 1463 406 1530 *vitanda
431 1469 490 1530 sint
514 1461 683 1546 mendacia,
714 1478 825 1548 quanto
855 1468 948 1550 magis
978 1467 1021 1527 illi
1046 1472 1204 1530 secundum

70 1563 322 1644 possibilitatem
342 1561 623 1648 declinareidebent
642 1562 693 1643 qui
712 1561 749 1620 ad
769 1561 826 1622 boe
839 1561 1028 1624 solummodo
1043 1558 1206 1641 probantur

70 1657 183 1718 electi
204 1667 239 1715 ut
257 1654 366 1716 servire
378 1656 552 1735 'specialiter
572 1655 701 1718 debeant
719 1655 845 1717 veritati.
883 1657 960 1716 Nam
980 1675 1045 1716 cum
1067 1651 1154 1712 nobis
1173 1653 1206 1713 in

71 1751 124 1810 bis
148 1748 244 1810 annis
263 1768 281 1809 a
299 1747 451 1809 nonnullis
470 1749 654 1810 monasteriis
680 1769 768 1831 saepe
793 1749 901 1830 scripta
927 1748 1144 1832 dirigerentur,
1173 1747 1205 1807 in

73 1844 203 1924 quibus
228 1842 310 1922 quod
335 1861 392 1920 pro
412 1843 499 1903 nobis
519 1842 624 1904 fratres
644 1842 756 1903 ibidem
776 1853 994 1904 commorantes
1014 1842 1045 1901 in
1064 1839 1154 1902 saeris
1174 1849 1206 1902 et
1261 1882 1265 1892 ·

71 1937 141 2018 piis
167 1933 357 1996 orationibus
377 1936 575 2012 decertarent,
593 1933 818 2016 significaretur,
836 1935 1029 2019 cognovimus
1048 1933 1081 1994 in
1098 1931 1204 2013 plerit·
1287 1941 1292 1951 ‘

73 2049 147 2110 que
171 2026 316 2108 praelatis
335 2027 604 2108 conscriptionibus
623 2028 785 2090 eorundem
805 2039 836 2090 et
853 2049 954 2091 sensus
973 2039 1072 2090 rectos
1092 2037 1123 2088 et
1141 2043 1204 2090 ser-

43 2199 44 2206 *
72 2133 200 2183 mones
219 2118 364 2180 incultos:
386 2120 455 2200 qnia
474 2122 556 2200 quod
576 2122 623 2202 pia
643 2121 763 2183 devotio
782 2123 905 2184 interius
924 2121 1053 2184 fideliter
1063 2117 1204 2196 dictabat,
1291 2193 1293 2198 Ι

74 2217 145 2294 boc
169 2212 311 2290 exterius,
329 2201 457 2296 propter
475 2211 691 2297 negligentiam
710 2211 850 2290 discendi,
868 2216 969 2298 lingua
987 2207 1135 2275 inerudita¹
1152 2235 1203 2276 ex-

73 2309 222 2389 primere
247 2305 311 2368 eine
334 2307 567 2388 reprehensione
592 2327 656 2367 non
683 2303 809 2368 valebat.
852 2307 941 2366 Unde
967 2305 1078 2365 lactum
1102 2317 1147 2366 est
1170 2315 1204 2366 ut

76 2401 202 2461 timere
221 2393 476 2480 inciperemus-ne
497 2401 587 2478 forte,
606 2401 683 2460 sicut
701 2398 801 2459 minor
821 2410 885 2460 erat
902 2399 934 2459 in
954 2395 1112 2460 scribendo
1132 2417 1204 2477 prn-

76 2493 206 2570 dentia,
225 2491 267 2556 ita
287 2513 407 2574 quoque
427 2506 459 2555 et
476 2494 570 2554 multo
589 2493 689 2554 minor
709 2480 892 2572 esset'quam
912 2501 994 2553 reete
1009 2495 1072 2551 esse
1085 2487 1204 2550 debuis-

78 2598 129 2656 set
157 2587 195 2648 in
219 2597 386 2650 sanctarum
413 2587 623 2668 scripturarum
650 2586 687 2646 ad
713 2583 940 2668 intelligendum
959 2583 1116 2665 sapientia.
1162 2584 1204 2644 Et

78 2681 167 2742 bene
190 2679 327 2742 novimus
347 2699 449 2742 omnes
470 2680 537 2762 quia
558 2679 688 2760 quamvis
708 2677 867 2760 periculosi
886 2679 947 2742 sint
965 2697 1082 2740 errores
1091 2675 1202 2738 verbo·

79 2797 169 2852 rum,
199 2773 295 2834 multo
321 2774 547 2854 periculosiores
572 2785 641 2836 sum
664 2794 780 2837 errores
803 2793 950 2834 sensuum.
995 2769 1201 2847 Quamobrem

80 2868 245 2930 hortamur
267 2885 322 2929 vos
346 2866 496 2928 literarum
521 2869 614 2929 studia
634 2889 697 2930 non
717 2869 812 2930 solum
831 2887 894 2926 non
914 2865 1079 2949 negligere,
1097 2885 1201 2926 verum

82 2961 178 3022 etiam
190 2960 355 3022 humillima
367 2973 397 3022 et
407 2961 476 3022 Deo
488 2961 596 3041 placita
608 2962 775 3022 intentione
788 2961 825 3020 ad
844 2962 903 3020 boe
922 2959 1056 3020 certatim
1077 2959 1201 3032 discere,
1237 2995 1238 2998 =

81 3067 117 3115 ut
142 3055 263 3117 facilius
295 3065 327 3116 et
354 3055 464 3116 rectius
496 3049 660 3118 divinarum
686 3056 895 3136 scripturarum
919 3051 1057 3131 mysteria
1080 3048 1201 3110 valeatis

82 3155 260 3230 penetrare.
292 3146 369 3210 Cum
389 3147 486 3210 autem
505 3149 537 3210 in
557 3149 645 3210 saeris
665 3147 780 3231 paginis
799 3147 957 3218 schemata,
975 3141 1067 3220 tropi,
1087 3151 1118 3199 et
1132 3159 1199 3200 oae-

82 3251 150 3304 tera
171 3241 222 3302 bis
240 3239 344 3302 similia
362 3242 471 3303 inserta
495 3243 699 3318 inveniantur,
733 3239 807 3300 nulli
827 3236 948 3299 dubium
969 3245 1029 3306 est,
1060 3231 1141 3310 quod
1165 3249 1200 3292 ea

83 3334 295 3417 unusquisqne
306 3333 409 3416 legens
420 3345 505 3394 tanto
518 3335 603 3395 citius
615 3333 807 3414 spiritualiter
824 3325 976 3408 intelligit,
997 3335 1109 3404 quanto
1119 3323 1200 3405 prius

83 3428 294 3492 inliteratum
317 3425 490 3510 magisterio
514 3425 631 3507 plenius
649 3426 807 3486 instructus
826 3419 924 3482 fuerit.
963 3417 1050 3479 Tales
1069 3439 1142 3480 vero
1162 3419 1199 3480 ad

85 3521 145 3586 boe
166 3543 246 3606 opus
264 3519 321 3584 viri
341 3519 505 3603 eligantur,
534 3519 585 3600 qni
610 3530 640 3579 et
658 3515 840 3578 voluntatem
861 3526 893 3575 et
910 3512 1133 3595 possibilitatem
1152 3513 1198 3573 di·
1277 3573 1280 3591 ι

87 3617 195 3678 scendi
220 3625 252 3693 et
275 3613 451 3677 desiderium
475 3611 605 3673 babeant
628 3611 703 3674 alios
727 3609 901 3671 instruendi.
943 3607 984 3668 Et
1008 3607 1066 3667 boc
1084 3617 1199 3668 tantuna

88 3729 123 3770 ea
142 3709 318 3772 intentione
337 3720 452 3790 agatur,
471 3725 529 3788 qua
549 3705 711 3768 devotione
728 3725 745 3764 a
764 3702 852 3764 nobis
872 3699 1061 3782 praecipitur.
1101 3699 1198 3782 Opta-

89 3821 153 3864 mus
173 3802 256 3864 enim
274 3823 343 3878 vos,
367 3801 442 3862 sicut
461 3801 546 3862 decet
564 3799 715 3860 Ecclesiae
734 3795 857 3872 milites,
884 3803 914 3854 et
932 3793 1062 3855 interius
1073 3794 1215 3856 devotos'

91 3903 122 3952 et
141 3894 270 3956 exterius
290 3895 395 3959 doctos
415 3904 570 3973 castosque
589 3894 668 3954 bene
691 3889 836 3965 vivendo,
863 3899 893 3948 et
910 3887 1099 3949 scholasticos
1118 3885 1198 3948 bene

94 3984 265 4065 loquendo,
294 4000 328 4049 ut
352 3989 520 4069 quicunque
540 4008 597 4070 ⁴vos
616 3997 741 4068 propter
760 4001 869 4044 nomen
888 3980 1012 4041 Domini
1032 3991 1063 4039 et
1080 3987 1199 4038 sanetae

93 4082 326 4144 conversationis
345 4080 531 4142 nobilitatem
551 4081 588 4140 ad
607 4079 764 4142 videndum
785 4074 948 4158 expetierit,
967 4073 1042 4132 sieut
1061 4070 1098 4128 de
1111 4085 1196 4147 aspe-

12 4215 13 4218 ,
95 4183 143 4233 ctu
161 4188 261 4238 vestro
282 4173 452 4236 aedificatur
470 4175 558 4248 risus,
576 4173 617 4232 ita
637 4191 756 4252 quoque
776 4169 812 4232 de
832 4166 973 4249 sapientia
983 4173 1089 4234 vestra,
1109 4177 1197 4240 quam

94 4263 124 4324 in
143 4267 273 4354 legendo
294 4287 346 4330 sen
366 4267 512 4328 cantando
532 4266 711 4347 perceperit,
729 4263 895 4333 instructus,
914 4251 1115 4334 omnipotenti
1129 4253 1196 4314 Do-

13 4429 14 4432 ,
96 4359 175 4440 mino
200 4353 309 4449 gratias
334 4361 452 4448 agendo
480 4359 611 4444 gaudens
639 4359 749 4421 redeat
799 4355 893 4414 Huius
923 4351 1023 4430 itaque
1051 4347 1195 4430 epistolae
