2908 5094
766 447 855 518 128

307 577 385 670 ‘vtt
424 607 467 670 Ut
486 605 661 688 Presbyteri
680 595 711 666 in
730 605 861 668 tabernis
880 591 986 668 bibere
1004 623 1066 668 non
1089 615 1287 688 praesumant.

284 741 287 753 =
317 703 402 766 Vm.
442 703 486 764 Ut
504 699 600 762 nullus
617 699 775 764 avaritiam
800 709 943 772 sectetur,
968 719 1030 760 non
1055 699 1093 762 sit
1117 699 1277 782 superbus,
1301 721 1372 762 non

262 795 403 876 ebriosus,
425 814 489 856 non
508 792 687 869 vinolentus,
706 813 769 854 non
787 793 999 856 tumulentus.

296 891 368 950 .1x.
396 890 450 948 'Ut
467 885 565 946 nullus
584 895 749 966 praesumat
768 886 799 946 in
819 906 913 948 coena
932 875 1057 948 Domini
1076 880 1219 949 ieiunium
1238 886 1370 948 solvere.

293 1030 296 1040 .
314 986 352 1045 X.
371 985 416 1042 Ut
435 980 531 1042 nullus
551 980 702 1060 baptizare
725 991 906 1060 praesumat,
929 979 986 1040 nisi
1010 979 1041 1038 in
1066 979 1177 1042 Pascha
1203 991 1236 1040 et
1253 980 1370 1042 Pente-

258 1088 373 1152 costen,
392 1086 515 1156 excepto
535 1073 661 1134 inlirmo.

294 1170 367 1230 le.
406 1169 450 1228 Ut
468 1166 563 1228 nullus
583 1156 758 1246 Presbyter,
776 1185 833 1226 nec
851 1165 1022 1241 Diaconos,
1039 1185 1096 1228 nec
1117 1163 1264 1243 Clericus,
1285 1168 1368 1228 clari-

258 1282 318 1326 sma
338 1262 426 1324 alicui
444 1261 513 1322 dare
532 1269 698 1340 praesumat
717 1279 773 1339 pro
799 1258 895 1340 aliqua
915 1259 1096 1322 necessitate.
1147 1257 1208 1334 Qui
1235 1261 1294 1321 hoc
1318 1260 1375 1322 se-'

258 1358 342 1432 cerii,
362 1355 547 1439 degradetur.
953 1409 956 1419 .

314 1449 381 1510 XII.
419 1449 468 1508 Ut
490 1445 587 1506 nullus
616 1444 776 1525 Presbyter
801 1444 837 1504 ad
869 1443 1022 1525 Synodum
1056 1457 1226 1508 contemnat
1250 1447 1366 1508 venire.

259 1543 351 1620 Quod
370 1541 395 1602 si
414 1541 501 1602 aliter
519 1527 617 1602 facere
636 1537 845 1619 praesumserit
868 1551 988 1607 cosctm
1008 1541 1121 1616 veniat,
1151 1552 1181 1601 et
1200 1539 1364 1602 secundum

258 1634 387 1698 canones
407 1632 562 1696 iudicetur.

710 1853 909 1864 ...μ-..Μ-

521 2183 664 2251 nunu
677 2061 1097 2262 usgildi-sum
1155 2131 1159 2140 ’

286 2297 329 2350 dc
350 2293 479 2350 scholis
502 2291 640 2347 Graecia
663 2307 693 2346 et
716 2293 845 2348 Latinis
867 2293 1090 2348 instituendis
1108 2293 1149 2360 ,ira'
1173 2291 1325 2346 Ecclesia

681 2376 943 2444 osnabrugensi.

607 2481 706 2535 Datum
734 2498 804 2532 anno
833 2477 968 2573 DliCClV
979 2480 1013 2551 ¹).
1032 2523 1035 2529 .

245 2643 249 2650 ⁴
312 2615 350 2674 lu
368 2612 490 2674 nomine
510 2623 628 2674 sanctae
649 2621 679 2672 et
697 2611 863 2676 individuae
883 2613 1045 2676 Trinitatis.
1083 2616 1208 2677 Karolus
1227 2615 1363 2696 Impera-

148 2699 154 2711 ’
254 2722 304 2770 tor
322 2699 482 2790 Augustus,
502 2707 669 2767 Romanum
688 2705 856 2786 gubernans
876 2708 1046 2788 Imperium,
1067 2709 1116 2790 qui
1137 2721 1168 2770 ct
1185 2710 1248 2772 Rex
1266 2709 1363 2770 Fran-

257 2821 359 2862 corum
380 2813 410 2861 et
428 2798 705 2880 Langobardorum,
725 2819 845 2859 necnon
860 2801 950 2862 modo
963 2800 1144 2862 Dominatur
1156 2814 1187 2864 et
1203 2803 1364 2864 Saxonum.

254 2895 367 2955 Notum
392 2893 430 2952 sit
455 2889 591 2951 omnibus
611 2891 738 2952 Sandtae
758 2892 817 2952 Dei
841 2892 992 2956 Ecclesiae
1017 2895 1168 2974 fidelibus,
1193 2897 1361 2976 nostrisque

254 2985 459 3068 praesentibus
478 2984 589 3045 scilicet
608 2996 638 3046 et
657 2984 778 3068 suturis,
804 2987 931 3068 qualiter
949 2981 1021 3064 nos,
1047 2988 1087 3050 ob
1108 3001 1226 3050 nostrae
1245 3010 1360 3050 merce-

254 3079 298 3142 dis
318 3090 523 3164 augmentum,
547 3078 681 3140 Wihoni
702 3077 943 3163 Osnaltrukgensi
961 3083 1129 3164 Episcopo,
1153 3103 1280 3164 suaeque
1299 3084 1359 3143 Ec-

228 3243 232 3254 ,
254 3173 371 3251 clesiac,
392 3195 477 3256 quam
497 3193 552 3234 nos
572 3173 695 3255 primam
715 3175 846 3234 omnium
872 3173 903 3232 in
923 3173 1051 3235 Saxonis
1075 3175 1107 3234 in
1133 3175 1248 3237 honore
1267 3177 1361 3238 sancti

252 3253 336 3329 Petri
357 3267 502 3350 Principis
522 3266 747 3349 Apostolorum,
767 3277 797 3326 et
816 3275 985 3326 sanctornm
1004 3269 1166 3354 Martyrum
1181 3267 1311 3350 Crispini
1330 3282 1361 3329 et
1453 3332 1454 3355 ,

254 3359 412 3440 Crispiani,
433 3362 655 3438 construximus,
674 3359 821 3442 quoddam
840 3377 942 3419 nemus
961 3361 1009 3422 vel
1029 3361 1171 3423 forestum
1190 3362 1267 3422 inira
1287 3362 1361 3422 haec
1452 3383 1453 3392 ¹

253 3451 322 3512 loca
350 3453 452 3528 situm,
475 3453 681 3532 Franevinkit,
710 3454 902 3530 Rutanstein,
930 3455 1060 3538 Angeri,
1088 3456 1218 3539 Osning,
1244 3455 1361 3534 Sinedi,

152 3587 154 3594 ·
251 3543 465 3627 Bergashovid,
485 3543 706 3621 Drcvensmeri,
725 3547 910 3622 Etanarleld,
928 3547 1063 3624 Dumeri,
1084 3549 1302 3612 collaudatione
1322 3547 1360 3607 il-

252 3637 308 3697 lius
327 3637 459 3719 regionis
479 3647 634 3717 potentum
656 3659 722 3696 cum
743 3640 824 3698 omni
843 3640 1033 3722 integritate,
1052 3641 1083 3700 in
1104 3641 1202 3722 porcis
1222 3641 1361 3705 videlicet

251 3729 402 3807 silvaticis,
428 3741 516 3810 atque
537 3729 644 3806 cervis,
675 3729 791 3808 avibus,
821 3743 851 3794 et
870 3733 1013 3814 piscihus,
1039 3736 1179 3816 omnique
1199 3735 1360 3798 venatione

252 3842 327 3904 quae
346 3823 399 3882 sub
421 3821 521 3884 banno
542 3822 635 3884 usuali
655 3824 691 3883 ad
711 3823 853 3886 forestum
874 3829 1045 3908 deputatur,
1076 3831 1112 3890 ad
1138 3829 1364 3890 similitudinem

250 3913 356 3977 foresti
374 3915 468 3975 nostri
489 3917 706 4018 Aquisgranum
725 3918 902 3998 pertinentis
921 3922 952 3981 in
972 3923 1043 3984 silva
1064 3921 1210 4005 Osningi,
1237 3923 1269 3981 in
1288 3941 1359 4002 per-

249 4021 372 4090 petuum
396 4010 571 4090 propietatis
595 4033 678 4072 usum
703 4011 890 4092 donavimus,
916 4035 950 4076 ea
977 4017 1115 4078 videlicet
1139 4015 1255 4078 ratione
1277 4015 1359 4096 quod

249 4104 274 4164 si
295 4099 447 4189 quidquam
466 4101 523 4162 hoc
549 4102 626 4163 idem
652 4123 753 4164 nemus
773 4118 877 4168 nostro
898 4108 997 4170 banno
1022 4107 1166 4169 munitum
1190 4108 1251 4170 sive
1271 4129 1359 4190 prac-

250 4189 345 4260 dictae
366 4197 442 4260 sedis
461 4193 603 4274 Episcopi
622 4193 756 4275 licentia,
780 4199 876 4280 studio
907 4203 1047 4282 venandi,
1071 4202 1119 4266 vel
1139 4197 1248 4285 sylvam
1269 4202 1357 4263 extir-

252 4353 450 4368 -..ῃ-...-

234 4455 246 4474 ‘
293 4443 461 4504 ¹)Wo1tsr,
478 4449 510 4505 Il,
526 4462 550 4506 p.
566 4451 619 4496 200.
