2890 5092
628 495 634 502 .
746 421 872 508 ela

396 597 500 660 Calcat
518 595 592 658 lullo
609 606 723 677 togam,
741 593 826 656 fictus
845 591 969 672 vespillo
990 593 1116 658 cadaver

393 679 520 768 Baiulat,
539 689 587 750 bic
606 689 748 770 grandem
766 687 874 750 saltans
892 693 977 750 vorat
995 699 1050 748 one
1069 687 1250 768 placentam,

242 848 245 866 Ι
365 848 367 857 ,
395 784 477 846 Haec
496 784 598 844 insana
618 783 698 865 lucit,
716 781 826 842 titubat
843 781 1023 861 paupercula
1041 783 1152 856 Barce,

320 883 376 946 160
394 879 435 938 Et
454 877 529 938 saltu
544 876 682 957 'petulans
703 875 843 939 (litberea
863 886 987 937 notatur.
1003 876 1035 936 iu
1055 875 1138 956 ipso.⁸

395 972 534 1050 Dumque
553 980 662 1043 tacent,
681 968 1059 1050 oculis,mott1,.gcstuque
1080 967 1253 1047 loquuntur.

447 1065 511 1125 Hos
530 1064 608 1124 inter
627 1062 707 1123 miris
727 1061 870 1124 flectebat
888 1082 1018 1142 corpora
1035 1063 1117 1144 gyris

394 1158 644 1238 Spectantumque
665 1156 767 1218 oculos
786 1155 891 1234 aliquis
911 1167 1100 1218 convectarat
1119 1155 1151 1214 in
1169 1173 1201 1214 se

398 1249 583 1330 Conspicuus
603 1249 698 1310 lorma
715 1247 846 1312 iuvenis:
866 1269 929 1310 non
949 1249 1088 1330 pulchior
1102 1249 1156 1310 ulli

251 1380 277 1422 ,-
322 1351 379 1410 165
398 1342 504 1402 Vultus
525 1355 598 1418 crat,
617 1363 684 1422 pars
706 1351 946 1423 quaequetcnax
966 1357 997 1404 et
1016 1364 1108 1426 gnara
1129 1341 1232 1404 decori

377 1437 539 1498 Emeruit·
552 1437 644 1496 laudis
666 1435 808 1515 pretium;
830 1438 997 1518 despectior
1017 1438 1071 1498 illo

397 1529 542 1591 Maeoniis
561 1529 650 1592 toties
671 1529 836 1590 celebratus
855 1532 986 1594 versibus
1007 1551 1079 1596 acer

395 1623 548 1684 Meriones
569 1623 634 1698 fuit,
655 1635 685 1686 et
705 1623 829 1686 saltandi
849 1625 958 1685 clarior
977 1625 1049 1685 clim
1145 1697 1148 1704 Ι

395 1717 470 1776 Arte
488 1717 714 1798 Neoptolemus,
733 1727 852 1797 poterat
871 1737 925 1796 per
943 1733 1055 1778 summa
1077 1715 1180 1778 volare

323 1816 381 1878 17⁰
400 1809 484 1870 Atria
502 1809 625 1872 saltator
642 1812 738 1886 velox,
758 1822 788 1872 et
806 1811 911 1870 radere
930 1809 1009 1872 visus
1029 1815 1032 1822 '
1069 1815 1073 1824 '

396 1901 454 1964 va
472 1915 579 1964 tactam
600 1905 727 1966 feriebat?
745 1905 875 1979 bunum,
896 1903 1018 1964 demissa
1036 1903 1174 1964 modeste

397 1997 476 2056 Hinc
495 2019 596 2058 manos
617 2011 705 2079 atque
724 1998 806 2060 illiuc
824 1996 949 2079 pedibus
968 1996 1153 2058 monstrabat
1172 1995 1204 2056 in
1224 1993 1296 2056 imis

396 2089 517 2172 Ingenii
536 2091 683 2172 studiique
704 2103 799 2168 notas,
819 2113 875 2152 nec
897 2091 1015 2151 doctior
1034 2090 1127 2150 alterv

399 2181 549 2259 Scribere,
570 2197 600 2246 et
620 2185 737 2256 eximiis·
750 2187 883 2246 teneram
904 2185 1021 2267 signare
1040 2203 1186 2264 papyrum

325 2275 742 2358 internoscendum
763 2280 892 2339 animum
913 2277 1094 2340 concredere
1115 2277 1243 2337 abactae.

327 2355 339 2389 ⁴
397 2368 458 2430 llic
475 2371 688 2453 Eginardus
702 2373 783 2446 ierat,
802 2393 890 2452 quem
910 2383 995 2452 capta
1016 2370 1154 2451 cupidine
1174 2369 1294 2452 formae

397 2463 491 2546 Regia
512 2467 672 2548 progenies
691 2477 773 2540 tuno,
793 2487 858 2530 cum
878 2463 1148 2541 saltaret,.amavit,.

281 2601 289 2619 .
396 2557 438 2616 Et
456 2558 547 2618 sensit
566 2559 708 2639 placuisse
719 2559 799 2630 .sibi;
816 2555 1071 2639 menumqeesut
1093 2557 1153 2618 alto

399 2649 475 2731 Igne
496 2649 568 2712 lacit
585 2665 687 2713 votum
709 2664 740 2712 et
759 2653 960 2713 vehementius
980 2662 1093 2724 aestuat
1110 2651 1239 2710 Emma.

323 2747 381 2807 180
400 2743 487 2803 Tunc
507 2745 606 2822 cupiat
625 2765 749 2824 peccare
770 2757 800 2808 et
819 2745 900 2804 basia
919 2745 1011 2826 ligere
1028 2744 1171 2806 membris

396 2833 733 2916 Mobilibusdoctisque
753 2836 832 2916 regir
853 2835 1034 2898 circumdate
1054 2837 1135 2898 collo
1165 2843 1170 2852 '
1193 2846 1197 2857 '

396 2925 532 3002 Brachia,
552 2927 768 3008 complectique
788 2929 896 3002 tirum3
917 2931 988 3010 quin
1007 2929 1160 3013 sanguinis
1178 2931 1244 2994 odit

396 3020 524 3081 Nomina
544 3020 794 3103 splendoremque
814 3023 870 3100 sui,
889 3023 1053 3104 titulosque
1073 3024 1220 3104 decusque

397 3113 413 3172 I
434 3134 465 3174 sa
485 3137 568 3174 suum
585 3115 701 3191 metuit,
721 3117 811 3178 vellet
831 3118 1032 3197 contemptior
1051 3137 1159 3192 enema.
1181 3134 1198 3174 ⁴.

322 3207 380 3272 185
429 3227 584 3293 cetegum
604 3221 749 3290 prognata
771 3210 872 3284 domo,
891 3209 1008 3292 fastigia
1030 3211 1119 3294 regni
1171 3217 1175 3224 '

396 3300 547 3364 Demissus
566 3302 700 3365 declinet
716 3323 810 3378 amor,
830 3302 979 3384 fastusque
998 3309 1172 3384 potentum·
1259 3321 1269 3328 ·

377 3394 549 3478 “Negtigtc
567 3409 601 3457 ut
617 3397 671 3458 tali
690 3399 742 3458 liat
760 3397 853 3479 magis
876 3407 944 3477 apta
963 3399 1080 3458 marito.

377 3485 474 3565 ·Spes
494 3500 592 3548 tamen
612 3491 775 3552 obscoenas
794 3491 1243 3572 inconcessosquediymenaeos

398 3578 468 3640 Non
489 3581 578 3640 audet
598 3582 744 3662 pepulisse
764 3585 874 3658 animo,
893 3583 1022 3646 resoluta
1041 3586 1141 3666 quiete

323 3675 381 3735 190
399 3673 528 3754 Expetit·
538 3671 700 3751 absentem,
720 3695 781 3736 non
802 3677 901 3756 primo
920 3679 1181 3740 avalleraumnn'*

397 3765 522 3846 Noxque
543 3769 662 3848 diesque
683 3771 958 3848 queuntmiseram.
996 3771 1073 3834 Cum
1092 3773 1231 3854 lusa-per
1251 3773 1357 3837 herbas

399 3859 487 3920 Mane
508 3861 692 3923 suburbanos
710 3862 851 3924 discincta
870 3865 1055 3944 perambulat
1073 3867 1189 3943 hortos,

400 3950 538 4014 Saltautis
557 3967 653 4016 versat
670 3956 811 4036 speciem;
832 3977 897 4018 cum
918 3959 1136 4041 clarappropo

398 4045 513 4108 Limina
533 4049 716 4125 conscendit,
736 4061 853 4112 centum
872 4049 978 4132 stipata
998 4053 1116 4132 puellis,

244 4129 257 4136 ’
324 4143 381 4203 195
401 4139 523 4219 Spectat
542 4142 692 4223 inexpleto
713 4145 896 4225 gradientem
916 4145 1040 4226 pectore
1063 4147 1202 4222 formam,

401 4231 641 4316 Conspicuasqnc
660 4257 762 4319 genas,
783 4251 819 4326 et⁸
831 4239 959 4300 mascula
976 4240 1118 4318 membra,
1138 4242 1287 4320 decusque

399 4326 478 4403 Oris,
499 4340 530 4408 et
548 4329 680 4412 ingenuo
702 4342 820 4411 gratum
838 4333 967 4400 candore
987 4331 1138 4410 ruborem,

400 4418 509 4481 Omnia
528 4421 661 4497 miratur,
681 4443 758 4503 quac
777 4425 902 4501 viderat,
918 4417 1018 4488 omnia
1038 4426 1127 4490 iactat

1386 2436 1398 2474 Ι
