2900 5086
563 445 687 542 „arr

76 619 173 686 neat,
191 609 253 686 sed,
272 609 519 690 ntpraediximus‚
537 597 609 668 haec¹
630 609 751 670 donatio
772 619 872 671 nostra
892 611 1017 690 perenni
1037 609 1195 674 stabilitate

77 705 175 764 firma
196 715 226 763 et
244 703 420 766 inviolabilis
440 712 623 782 perseveret,
648 703 838 782 stipulatione
858 703 989 762 subnixa.
1027 703 1067 762 Et
1085 716 1118 764 ut
1136 703 1196 764 hoc

76 807 297 856 testamentum
318 797 394 860 iuxta
414 795 488 874 legis
509 795 767 871 consuetudinem,
795 795 940 877 integram
960 795 1125 856 firmitatem
1146 818 1195 856 ac-

80 889 194 970 cipiat,
212 889 352 971 propriae
371 908 473 946 manus
492 886 708 969 subscriptione
727 887 799 948 illud
818 889 933 948 firmare
955 888 1146 964 decrevimus,
1165 901 1196 950 et

75 983 269 1043 idoneorum
292 980 424 1054 testium,
456 980 506 1058 qui
530 979 623 1059 ipsam
650 981 840 1050 donatIonem
864 982 1009 1057 viderint,
1023 1055 1024 1059 Ἰ
1039 980 1195 1064 signaculis

74 1076 233 1135 roborare
254 1073 384 1133 fecimus.
422 1073 512 1132 Facta
538 1072 661 1132 donatio
677 1073 713 1132 in
732 1071 933 1134 Laumlamo
953 1075 1133 1136 monasterio
1153 1075 1193 1132 II.

74 1168 154 1228 idus
172 1165 355 1248 Septembris
368 1167 408 1245 ¹),
428 1186 507 1224 anno
526 1166 579 1223 VI.
599 1165 686 1247 regni
707 1167 818 1226 domini
839 1167 933 1252 nostri
951 1167 1106 1228 Ludowici
1126 1166 1193 1250 glo-

74 1260 240 1324 riosissimi
263 1257 448 1338 imperatoris
472 1258 503 1317 in
528 1258 587 1318 Dei
611 1259 732 1320 nomine
758 1259 893 1320 feliciter.
931 1261 999 1342 Ego
1024 1257 1195 1320 Eiulurdus

74 1363 231 1434 peccator
251 1363 281 1412 et
300 1353 426 1412 donator
444 1351 609 1434 recognovi
629 1363 659 1412 et
677 1373 765 1413 manu
784 1345 906 1433 propria
925 1353 1091 1431 subscripsi.
1121 1355 1192 1434 Ego

73 1447 186 1505 Immo
204 1444 341 1506 consensi
360 1456 391 1504 et
409 1444 575 1526 subscripsi.
608 1447 732 1529 Signum
753 1445 940 1526 Rabangarii.
961 1447 1085 1526 Signum
1095 1447 1192 1504 War-
1220 1435 1223 1453 ¹

74 1538 219 1598 botonis.
259 1538 383 1621 Signum
405 1537 578 1598 Wollberti
597 1551 628 1599 et
647 1539 779 1622 aliorum.
817 1541 885 1620 Ego
911 1539 1103 1608 Hirmimarus
1130 1539 1192 1598 dia-

77 1630 181 1692 conus
201 1642 232 1690 et
250 1631 380 1690 notarius
400 1629 559 1708 imperialis
585 1643 711 1714 rogante
731 1631 884 1694 Einhardo
911 1633 968 1694 hoc
988 1641 1192 1691 testamentum
1298 1667 1301 1674 ·

75 1725 191 1804 scripsi
210 1735 241 1784 et
258 1721 425 1802 subscripsi.

120 1818 220 1878 Huius
246 1815 414 1880 donationis
445 1837 515 1878 suae
542 1829 677 1880 tenorem
715 1831 746 1880 et
773 1819 908 1882 locorum
928 1819 1191 1896 terminorumque

121 1910 355 1990 descriptionem
374 1910 437 1989 ipse
456 1910 621 1972 Einhardus
639 1912 807 1974 hocmodo
823 1913 999 1996 designavit.

78 2003 243 2080 Quoniam
271 2007 339 2061 sunt
365 2003 481 2081 quidam
509 2003 559 2082 qui
583 2004 659 2064 fastu
684 2006 824 2065 saeculari
848 2018 1017 2088 turgentes,
1043 2017 1074 2066 et
1098 2014 1191 2065 semet

79 2099 170 2177 ipsos
190 2107 334 2170 amantes,
358 2092 506 2154 a-Christi
526 2095 660 2154 fidelibus
679 2097 767 2156 sacris
788 2099 916 2158 ecclesiis
931 2114 987 2158 seu
1006 2097 1190 2158 monasteriis

79 2188 255 2251 contradita
275 2189 433 2263 invadunt,
459 2200 509 2248 aut
528 2200 561 2247 ut
579 2187 635 2247 sibi
656 2189 850 2250 haereditario
870 2192 934 2250 iure
953 2193 1115 2265 retineant,
1141 2172 1191 2248 aut

77 2281 230 2342 mundiali
254 2282 373 2342 baltheo
400 2281 431 2340 in
457 2281 603 2342 beneficio
629 2282 775 2352 dividant;
804 2281 871 2362 Ego
890 2281 1074 2355 Einlnrdum
1100 2303 1137 2341 ne
1158 2282 1190 2340 in

77 2375 143 2449 his,
164 2396 238 2452 quae
259 2377 295 2435 d‘e
314 2377 396 2458 regia
415 2397 502 2436 manu
523 2374 676 2434 Ludowici
696 2375 883 2454 imperatoris
903 2374 934 2432 in
954 2375 1022 2433 loeo
1042 2371 1190 2432 Mtclleu*

77 2481 143 2529 stat
162 2468 307 2542 contraxi3
326 2489 427 2528 manus
446 2469 613 2548 iniquorum
624 2468 799 2548 praevalaet‚
819 2469 951 2529 advertat
972 2467 1095 2528 obsecro
1116 2465 1189 2526 fide-

79 2561 160 2620 lium
184 2571 245 2620 tam
268 2562 453 2640 sequentium
479 2582 566 2641 quam
588 2563 786 2640 praesentium
818 2560 977 2636 memoria,
1007 2547 1132 2639 qualiter
1157 2558 1189 2616 in

81 2675 180 2716 unum
199 2653 258 2714 sint
276 2653 411 2730 collecta,
432 2655 570 2734 quibusve
590 2675 721 2733 expressa
740 2655 900 2716 vocabulis.
937 2654 1098 2734 Postquam
1123 2671 1190 2710 eum

80 2749 185 2808 locum
210 2748 464 2826 praenomInatum
489 2747 778 2807 Laureslramensium
810 2745 1004 2809 dominationi
1033 2745 1190 2826 subiugare
1271 2734 1276 2753 '
1339 2752 1341 2764 '

81 2839 232 2920 disposni3
252 2840 365 2898 adscitis
386 2841 489 2917 quibus
510 2853 613 2899 notum
632 2839 737 2916 suerat,
757 2842 914 2901 terminum
930 2854 960 2900 et
978 2839 1122 2901 vocabula
1142 2837 1189 2897 ln-

81 2955 192 2996 corum
211 2931 370 3012 diligenter
389 2930 570 3011 investigavi,
592 2943 624 2989 et
641 2934 754 2991 recenti
770 2936 911 2995 memoria
932 2937 1076 2994 notarium
1092 2951 1191 2990 meum

80 3027 248 3086 Lutherum
274 3023 435 3104 exprimere
460 3022 563 3082 litteris
594 3023 676 3095 iussi,
706 3043 740 3082 ca
759 3025 895 3086 videlieet
915 3025 1210 3104 circumspectione,¹

82 3121 157 3201 quia
181 3119 339 3178 multorum
364 3115 610 3176 monasteriorum
638 3114 679 3174 eis
705 3117 823 3196 praedia
854 3117 1075 3199 coniunguntur
1094 3126 1124 3174 et
1144 3114 1189 3173 di-

81 3233 239 3276 versorum
260 3211 446 3270 dominorum
466 3208 608 3268 beneficia
629 3207 855 3289 circumquaque
874 3210 1077 3269 terminantur.
1107 3206 1191 3264 Haec

81 3308 179 3390 igitur
195 3299 397 3364 'terminorum
422 3304 544 3363 loeasset
572 3301 706 3360 locorum
737 3302 881 3362 vocabula
913 3302 1104 3382 designantur
1132 3297 1191 3358 hoc

84 3399 195 3460 modo:
227 3397 295 3456 duna
321 3417 337 3456 a
363 3407 465 3455 monte
488 3391 678 3454 Manoentan
701 3395 862 3474 incipiunt,
892 3406 923 3454 et
945 3403 1040 3453 totum
1065 3392 1192 3451 eundem

50 3493 52 3496 ’
83 3503 221 3565 montem
246 3509 338 3569 usqne
366 3489 401 3548 ad
425 3487 551 3568 plateam
578 3487 849 3566 comprehendunt,
879 3509 895 3548 a
926 3486 1023 3568 platea
1042 3505 1135 3563 usque
1154 3483 1192 3542 ad

87 3584 238 3666 duplicem
271 3603 425 3663 quercum,
460 3581 528 3641 inde
560 3580 639 3640 inter
670 3580 818 3643 Utenbvct
843 3596 873 3642 et
895 3577 1134 3656 Rumplesbuseu
1155 3577 1193 3637 ad

86 3699 255 3759 quercum,
276 3675 312 3736 de
333 3692 444 3754 quercu
463 3674 494 3732 in
514 3673 633 3734 lluvium
653 3673 825 3753 Rutunda,
844 3697 898 3756 per
917 3674 1002 3733 huius
1022 3673 1193 3733 descensum

84 3775 118 3834 in
143 3767 346 3845 truncaret,
379 3788 432 3848 per
451 3767 534 3826 huius
555 3788 704 3828 ascensum
723 3789 815 3848 usque
835 3771 871 3828 ad
891 3767 1039 3848 lapideum
1058 3764 1192 3836 rivulum,

86 3869 159 3928 inde
179 3868 225 3934 ad¹
237 3858 441 3936 Wlineburcb
460 3879 515 3940 per
534 3880 621 3919 uuam
640 3873 756 3940 portam
775 3861 866 3936 intro,
891 3881 945 3941 per
965 3859 1085 3920 alteram
1103 3857 1192 3916 foras.

87 3963 164 4023 Inde
185 3961 222 4018 -in
246 3957 340 4036 ripam
364 3954 512 4029 Essemus,
540 3973 594 4032 per
618 3953 702 4012 huius
727 3955 896 4014 descensum
929 3955 965 4014 ad
990 3951 1193 4026 maguum,
1257 3994 1263 4008 .
1340 3979 1345 4004 l

87 4053 141 4114 ubi
152 4049 346 4134 Langenvirst
364 4047 514 4108 scinditur.
545 4047 642 4126 Super
658 4046 855 4126 Langenvirst
873 4048 909 4108 ad
920 4041 1103 4115 Breittensol,
1122 4040 1193 4100 inde
1252 4073 1259 4082 -

87 4168 145 4228 per
163 4141 326 4204 Elcbaudal
343 4141 374 4202 in
395 4141 505 4200 flumen
529 4138 651 4198 Urtelh.
690 4139 751 4198 Per
774 4139 859 4200 huius
876 4157 1033 4201 ascensum
1057 4133 1089 4192 in
1112 4130 1192 4190 Vin-

88 4227 227 4313 s'tetbucl,
246 4236 315 4296 inde
335 4232 371 4296 ad
389 4227 600 4310 emptum
624 4231 775 4298 Einhardi.
805 4235 833 4298 n
852 4227 1088 4315 Phapltensteine
1105 4245 1193 4310 supra

93 4369 294 4390 ...νῆ-..ΡΨ

133 4462 153 4510 t)
169 4463 204 4508 12,
219 4455 348 4520 septembr·
366 4451 420 4502 uta.
