2960 5094
652 435 709 536 aa
778 396 791 458 ³

122 591 382 653 adheiderium:
408 589 486 650 Ecce
504 587 590 650 dadas
612 613 698 670 qoem¹
712 606 859 668 tantopere
872 589 1058 670 mansisti!
1095 585 1136 652 lit
1155 593 1227 654 baec

127 687 245 759 dicens,
264 703 342 763 pene
363 683 500 744 exanimis
520 683 628 744 cecidit
642 688 681 762 ¹).
720 687 780 746 Sed
800 685 867 765 quia
887 685 953 763 ipso
974 685 1021 745 die
1041 685 1087 746 vel
1103 697 1227 766 propter

126 779 298 853 mendam,
317 777 363 840 vel
383 788 509 856 propter
528 774 653 856 aliquam
673 797 753 856 spem
772 777 926 840 resistendi
947 777 1024 838 cives
1045 777 1139 838 urbici
1159 799 1226 838 eum

123 870 473 952 susciperenoluissent,
499 869 570 928 dixit
587 869 836 931 artificiosissimus
855 869 979 936 Karolus
999 870 1036 928 ad
1056 890 1137 930 suos:
1162 870 1226 930 Fo-

121 961 343 1026 ernnusto&
359 960 474 1042 aliquid
495 962 674 1039 mune,
698 985 736 1022 oe
754 960 827 1022 deo
850 967 934 1024 istem
952 966 1038 1024 otiosi
1055 965 1228 1040 mmmmm

18 1130 20 1135 ¹
121 1061 335 1134 coimperoruur!
372 1053 575 1116 Acceleremos
599 1055 720 1137 efficere
738 1077 827 1114 nomo
844 1056 1045 1129 oratoriolum,
1070 1059 1103 1114 io
1120 1077 1178 1135 quo
1198 1059 1229 1150 m

121 1151 208 1214 nodis
224 1155 309 1212 citios
319 1151 449 1226 opertum
467 1170 526 1208 ooo
538 1149 648 1230 fomis,
669 1147 771 1209 diuinis
782 1151 903 1209 sevitia
919 1153 1047 1210 insistere
1057 1147 1227 1210 dehomrm!

122 1249 167 1306 Et
189 1245 246 1305 bac
270 1244 371 1304 emissa
388 1263 480 1317 voce,
505 1241 577 1306 alius
598 1240 655 1302 alio
676 1243 889 1317 discurrentes,
914 1243 1021 1302 calcem
1048 1255 1078 1303 et
1100 1242 1225 1324 lapides,

124 1338 177 1398 alii
196 1347 268 1398 vero
280 1336 361 1419 ligna
379 1336 427 1396 vel
439 1336 590 1415 pigmenta
607 1347 836 1417 congregantes,
856 1333 1014 1396 artificibus
1034 1356 1149 1416 semper
1160 1356 1225 1396 eura

125 1429 332 1492 comitantibus
363 1428 531 1488 attulerunt.
584 1429 646 1503 Qui
670 1447 687 1486 a
713 1440 813 1506 quarta
841 1429 900 1489 diei
924 1428 999 1488 bora
1025 1440 1090 1487 ante
1111 1428 1224 1489 dnode-
1287 1459 1293 1469 ι

124 1525 229 1584 cimam
253 1524 342 1584 talem
368 1521 518 1582 basilicam
543 1522 632 1580 moris
659 1533 689 1581 et
707 1521 813 1597 tectis,
839 1519 1024 1601 laquearibus
1046 1530 1077 1580 et
1095 1521 1225 1599 picturis,

125 1618 279 1678 auxiliante
299 1617 431 1676 tironum
449 1635 538 1674 mann
557 1615 738 1694 militumque
763 1624 1006 1688 construxerunt,
1029 1623 1063 1675 ut
1081 1611 1155 1672 nulli
1174 1613 1224 1672 ad-

125 1711 184 1771 buc
205 1721 269 1772 eam
296 1709 441 1770 cernenti
458 1708 514 1767 nisi
539 1727 594 1787 per
617 1728 727 1766 annum
749 1710 898 1790 integrum
922 1707 986 1767 fieri
1010 1725 1098 1785 posse
1123 1705 1226 1764 creda-

122 1817 182 1864 tur.
220 1805 348 1864 Postera
371 1822 447 1863 rero
471 1799 534 1874 die,
564 1811 671 1878 quauta
691 1801 832 1861 facilitate
853 1800 1025 1882 quibusdam
1043 1797 1151 1858 civium
1170 1795 1226 1857 sibi
1280 1817 1285 1830 *

123 1899 240 1978 aperire
259 1897 439 1970 volentibus,
459 1892 631 1972 quibusdam
651 1894 727 1962 licetr
739 1894 856 1970 frustra,
875 1892 1033 1965 rebellare,
1055 1889 1103 1951 vel
1121 1901 1156 1949 ut
1173 1909 1226 1950 ve-

121 1991 187 2050 rius
213 1990 323 2063 dicam,
355 2010 386 2048 se
412 1987 562 2046 includere
587 1985 771 2063 volentibus,
795 1988 906 2066 absque
937 1985 1050 2046 cruoris
1079 1982 1226 2042 effusione

121 2081 188 2144 sola
203 2091 329 2138 tantum
349 2079 491 2136 industria
510 2080 655 2140 civitatem
675 2081 870 2158 superaverit,
894 2079 1024 2158 ceperit,
1051 2074 1225 2156 possederit,

123 2174 182 2236 illis
209 2171 397 2233 scribendum
422 2170 577 2249 relinquo,
603 2172 653 2248 qui
677 2191 740 2228 non
764 2171 861 2250 aliquo
889 2192 1006 2246 amore,
1031 2170 1082 2232 sed
1108 2179 1227 2249 questus

122 2278 240 2329 tantum
259 2263 353 2347 gratia
372 2275 498 2324 vestram
520 2262 737 2324 Celsitndinem
757 2262 941 2322 comitantur.

577 2463 776 2482 pq--u-n

544 2688 548 2695 .
627 2633 719 2704 Xlli.

124 2757 325 2813 Saxonum
341 2763 468 2815 emtus
480 2759 677 2829 publicus,
694 2758 869 2826 ordines,
889 2755 1010 2823 leges,
1028 2751 1226 2823 relicto-²).

219 2866 225 2936 ἶ
284 2841 446 2910 (Translatio
464 2845 490 2896 S.
508 2845 648 2897 Alexandri
667 2864 707 2914 ap.
725 2843 808 2907 Perta,
824 2843 857 2906 ll,
873 2863 899 2912 p.
917 2838 1076 2908 674-676.)

186 2967 333 3034 saxonum
353 2996 447 3057 gens„
467 2977 542 3037 sicut
566 2978 656 3037 tradit
671 2979 704 3056 ³)
729 2977 901 3056 antiquitas,
926 2973 962 3032 ab
983 2971 1088 3053 buglis
1107 2969 1225 3030 Britan-

109 3068 195 3127 miae
214 3067 319 3128 incolis
341 3089 467 3150 egressa,
487 3092 541 3152 per
562 3071 713 3130 Oceanum
734 3069 873 3150 navigans
894 3065 1072 3126 Germaniae
1092 3061 1227 3122 litoribus

126 3161 224 3222 studio
251 3174 281 3221 et
299 3163 472 3224 necessitate
492 3163 724 3242 quaerendarum
750 3162 861 3222 sedium
881 3157 1002 3240 appulsa
1023 3167 1081 3229 est,
1106 3155 1137 3212 in
1158 3153 1227 3210 loco

125 3253 178 3332 qui
199 3266 320 3317 vocatur
338 3255 494 3316 Haduloha
511 3260 556 3332 ⁴),
582 3277 618 3316 co
638 3268 772 3336 tempore
794 3274 853 3334 quo
874 3249 1044 3310 Thiotricus
1064 3267 1115 3302 rex
1132 3245 1156 3300 F
1159 3263 1227 3302 ran-

127 3367 231 3408 corum
253 3359 356 3405 contra
376 3349 575 3408 irminfridum
595 3369 736 3428 generum
756 3367 850 3418 suum,
871 3344 974 3400 ducem
994 3335 1228 3418 Thuriugorum,
1292 3382 1297 3393 .

127 3439 281 3514 dimicans,
301 3449 410 3497 terram
431 3459 532 3524 eorum
544 3439 702 3498 crudeliter
717 3437 797 3496 ferro
809 3432 931 3496 vastavit
951 3443 980 3492 et
990 3427 1061 3514 igni.
1099 3431 1140 3490 Et
1161 3451 1226 3490 cum

127 3535 187 3592 iam
208 3529 325 3612 duobus
344 3529 464 3612 proeliis
485 3529 606 3612 ancipiti
624 3529 914 3612 pugna‘incertaque
934 3525 1056 3586 victoria
1068 3521 1227 3582 miserabili

125 3647 249 3688 suorum
275 3624 364 3684 caede
391 3623 603 3699 decertassent,
629 3623 805 3682 Theotricus
831 3641 882 3702 spe
902 3618 1039 3680 vincendi
1064 3615 1228 3690 frustratus,

113 3719 209 3786 ,misit
227 3717 342 3800 legatos
363 3719 399 3778 ad
419 3718 563 3792 Saxones,
588 3737 713 3796 quorum
734 3717 869 3776 duxerat
892 3713 1063 3794 Hadugoto.
1107 3707 1228 3769 Audivit

72 3869 79 3876 .
126 3809 220 3874 enim⁴
234 3833 349 3871 causam
374 3813 513 3874 adventus
538 3830 655 3886 corum,
679 3809 887 3890 promissisque
912 3825 968 3884 pro
993 3800 1118 3865 victorIa
1141 3799 1228 3860 habi-

124 3903 212 3965 tandi
231 3903 364 3980 sedibus,
389 3904 529 3964 conduxit
553 3923 603 3963 eos
630 3903 661 3962 in
681 3899 873 3972 adiutorium3
898 3897 1002 3977 quibus
1028 3916 1126 3956 secum
1147 3889 1229 3972 quasi

126 4017 188 4080 pro
201 3995 337 4058 libertate
357 4009 387 4058 et
397 3999 491 4078 patria
511 3996 630 4057 sortiter
645 3991 859 4070 dimicantibus,
879 3991 1026 4074 superavit
1038 3983 1229 4060 adversarios,

173 4174 195 4221 ¹)
221 4169 356 4216 ttoacamm
372 4172 461 4216 codices
480 4179 504 4217 et
518 4174 633 4217 editiones
644 4183 737 4226 omnem
757 4171 870 4216 eentemia
884 4175 932 4223 eet,
953 4166 1011 4212 ferri
1023 4159 1172 4220 splendorem
1189 4157 1228 4204 vel

125 4239 240 4284 horridas
255 4239 346 4282 cloacas
358 4245 492 4296 penetrasse
507 4247 531 4284 et
544 4248 607 4284 metu
620 4239 735 4297 implesse.
764 4237 860 4282 Pertz.

172 4305 195 4424 :l
211 4305 479 4418 zblod‘eaddlildllraditio
497 4386 537 4419 res
548 4380 624 4431 gestas
635 4372 746 4425 invertit,
765 4371 800 4413 ita
811 4371 955 4421 utflSaxoueo
975 4355 1228 4416 nontefiuonieliri·

127 4440 245 4496 toeniam,
262 4439 303 4486 sed
315 4451 344 4483 es
361 4437 620 4487 permundemur:
631 4439 749 4498 appuliae
763 4439 877 4486 dicemur·
891 4459 917 4476 -·
933 4435 956 4485 ⁴)
974 4425 1084 4476 “adelti
1140 4473 1143 4480 i
