2890 5092
77 826 244 936 cumn
259 878 395 946 Magna
405 752 820 946 Brevlivlilliriiilicrum
836 879 1063 943 munuum
1074 885 1117 958 ¹).

52 1227 124 1266 non
147 1207 250 1290 pergit
270 1207 341 1268 duos
361 1227 453 1266 anuos
478 1206 640 1268 multonem
656 1210 689 1300 ²)
715 1209 858 1291 optimum
878 1211 936 1270 Ι
927 1233 958 1270 rn
981 1214 1070 1274 tertio
1095 1235 1167 1276 vero

53 1320 144 1361 anno
169 1301 206 1360 de
226 1321 342 1362 annona
361 1299 476 1362 modios
495 1299 548 1359 IV.

456 1455 548 1516 Item
581 1456 621 1516 de
653 1459 791 1519 eudem.

124 1563 159 1642 ³)
167 1564 334 1625 Invenimus
345 1567 376 1624 in
388 1565 481 1626 insula
492 1567 683 1646 Staphinsere
693 1568 724 1646 ⁴)
736 1587 810 1646 quae
822 1576 1008 1648 nuncupatur
1020 1568 1170 1630 eccl-esiam

56 1657 90 1715 in
117 1657 240 1718 honore
265 1659 296 1716 S.
317 1658 468 1718 Michaelis
493 1671 705 1735 constructam,
729 1661 760 1719 in
787 1681 842 1740 qua
863 1661 1049 1740 ‘repperimus
1069 1660 1170 1738 altare,

58 1770 138 1809 auro
169 1763 353 1832 argentoque
382 1755 514 1830 paratum
540 1753 566 1811 I.
597 1775 695 1832 capsas
725 1754 913 1832 reliquiarum
945 1755 1109 1831 deauratas,
1142 1766 1172 1814 et

59 1865 130 1903 cum
153 1845 275 1926 gemmis
294 1845 394 1904 vitreis
410 1853 445 1904 'et
465 1835 629 1906 cristallinis
654 1859 770 1906 ornatas
790 1847 829 1906 V.
850 1847 1000 1928 cuprinam
1026 1869 1081 1927 per
1105 1847 1172 1908 loca
1263 1850 1268 1859 ’

60 1939 237 1998 deauratam
262 1939 286 1996 Ι.
313 1959 429 1997 crucem
453 1937 642 2016 reliquiarum
666 1941 815 2018 parvulam
843 1964 908 2003 cum
933 1941 1028 2016 clave,
1057 1941 1170 2000 laminis

60 2031 217 2113 argenteis
237 2031 404 2090 deauratam
423 2030 447 2088 I.
463 2030 552 2088 aliam
570 2051 643 2090 vero
663 2025 778 2093 crucem
798 2036 939 2094 maiorem
964 2023 1036 2096 aulo
1063 2055 1170 2114 argen-

58 2137 161 2205 toque
180 2136 311 2204 paratam
332 2145 397 2208 cum
417 2123 538 2203 gemmis
557 2121 655 2183 vitreis
675 2125 699 2182 Ι.
738 2127 855 2186 Pendet
874 2147 962 2208 super
981 2127 1059 2187 idem
1079 2127 1171 2186 altare

60 2239 190 2280 corona.
209 2229 349 2298 argentea
375 2237 430 2296 per
449 2215 515 2276 lora
535 2216 671 2275 deaurata
688 2218 779 2294 ι).Ι.,
803 2239 928 2298 pensans
948 2221 1036 2279 libras
1057 2221 1115 2294 11..
1142 2231 1172 2279 et
1244 2233 1248 2248 '

58 2313 166 2371 medio
192 2310 268 2369 illius
292 2309 404 2390 pendet
426 2331 498 2388 cruu¹
523 2330 611 2389 parva
638 2311 759 2388 cuprina
786 2311 923 2370 deaurata
944 2313 968 2368 I.
994 2323 1024 2370 et
1051 2331 1172 2390 pomum

59 2402 259 2464 cristallinum
273 2405 305 2478 ⁶)
325 2403 363 2474 1.;
381 2413 424 2462 ·et
442 2403 475 2461 in
496 2403 596 2462 eadem
618 2421 728 2462 corona
749 2423 803 2482 per
822 2401 919 2485 girum
938 2395 1070 2482 pendent
1090 2393 1188 2462 ordi-¹

59 2517 118 2556 nes
144 2495 368 2576 margaritarum
395 2495 513 2554 diversis
539 2495 687 2554 coloribus
707 2497 828 2560 XXXV.
867 2498 907 2556 Et
929 2496 971 2555 ibi
992 2497 1027 2555 dc
1048 2508 1172 2578 argento

60 2587 222 2647 munidato
237 2585 373 2664 ⁷)solid.
393 2587 450 2644 III.
489 2587 646 2646 Habentur
669 2587 740 2646 ibi
732 2609 847 2650 maures
874 2611 954 2648 aurei
946 2589 1026 2680 IV.
1046 2609 1174 2669 pensan·
1262 2603 1264 2606 ’

62 2694 108 2742 tes
136 2679 275 2740 denarIos
301 2680 397 2738 XVII.
438 2679 515 2738 Sunt
534 2680 577 2738 ibi
597 2680 700 2740 calices
721 2682 855 2764 argentei
871 2683 923 2758 11..
943 2703 1067 2761 quorum
1088 2704 1174 2758 unus,

10 2821 11 2824 ι
64 2777 101 2835 de
123 2774 200 2832 foris
220 2771 347 2852 sculptus
374 2783 404 2831 et
424 2771 626 2849 deauratus,
622 2777 737 2854 pensat
759 2775 873 2854 pariter
904 2797 969 2853 cum
997 2786 1104 2854 patena
1123 2797 1174 2836 sua

64 2869 152 2929 solid.
173 2863 266 2925 XXX.
286 2865 361 2925 alter
379 2885 450 2924 vero
472 2866 581 2924 deforis
607 2867 736 2945 sculptus
761 2878 791 2925 et
811 2868 969 2928 deauratus
992 2875 1097 2948 pensat
1120 2891 1174 2948 pa-

64 2962 140 3020 riter
161 2980 228 3019 cum
249 2969 356 3036 patena
381 2957 465 3019 solid.
483 2959 598 3032 ⁸)XV.
619 2960 807 3018 offertorium
835 2975 1026 3042 argentorum
1046 2963 1070 3022 Ι.
1098 2985 1175 3042 pen-

67 3075 134 3114 sans
155 3050 242 3113 solid.
262 3051 317 3110 VI.
336 3049 449 3108 bustam
470 3070 535 3108 eum
560 3051 719 3134 cuperculo
735 3053 765 3126 ⁹)
792 3065 960 3132 argenteam
985 3054 1022 3112 ad
1046 3056 1176 3128 timiama

65 3145 249 3226 portandum
268 3143 303 3217 1..
322 3153 495 3222 pensantem
515 3141 602 3202 solid.
622 3143 685 3220 VI.,
705 3144 788 3204 aliam
808 3144 921 3204 bustam
941 3158 1111 3226 argenteam
1123 3153 1175 3228 ¹⁰)

66 3248 244 3318 pensantem
263 3236 348 3295 solid.
368 3237 405 3299 V.
1273 3290 1277 3319 .
1387 3317 1389 3324 Ι

123 3329 296 3390 Invenimus
312 3329 355 3387 ibi
364 3329 530 3387 turabulum
542 3331 553 3368 ¹
564 3330 594 3407 ¹)
611 3340 782 3408 argenteum
793 3349 847 3408 per
862 3329 928 3390 loca
941 3330 1119 3391 deauratum
1122 3335 1132 3372 ¹
1142 3336 1175 3442 Ι.)
1276 3328 1280 3337 “

68 3423 92 3482 I.
112 3426 352 3503 pensantem¹³)
372 3421 456 3480 solid.
474 3422 565 3480 XXX.
603 3421 764 3499 Alium¹⁴)
785 3423 871 3481 etiam
890 3423 1057 3484 turabulum
1078 3428 1175 3507 cupri·

69 3537 140 3576 num
170 3515 321 3595 antiquum
347 3515 371 3576 I.
400 3514 555 3594 ampullam
586 3513 736 3592 cuprinam
761 3514 785 3572 Ι.
813 3509 898 3575 aliaini
931 3516 1087 3596 ampullam
1116 3533 1175 3582 sta-

71 3629 178 3688 gneam
204 3609 228 3666 I.
252 3629 372 3668 urceum
398 3629 463 3666 cum
494 3606 676 3685 aquamanile
707 3607 859 3686 cuprinum
885 3610 909 3668 I.
935 3609 1022 3669 ollam
1053 3612 1175 3675 vitream

70 3721 208 3782 magnam
229 3702 253 3760 Ι.
278 3700 418 3780 ampullas
443 3699 549 3760 vitreas
572 3699 706 3780 parvlrlas
735 3721 800 3760 cum
826 3699 955 3761 balsamo
975 3705 1021 3772 II.
1040 3711 1175 3787 penden.

72 3803 115 3853 tes
130 3797 185 3872 ¹⁵)
206 3815 294 3874 super
313 3795 435 3854 eandem
457 3792 607 3852 ecclesiam
634 3793 717 3873 signa
737 3791 816 3852 bona
836 3794 877 3850 II.
903 3793 1044 3860 habentes
1070 3803 1102 3862 in
1127 3803 1174 3863 fu-

72 3885 159 3948 nibus
180 3885 305 3948 circulos
325 3887 464 3966 cuprinos
485 3885 637 3946 deauratos
658 3886 698 3943 II.
730 3886 898 3948 Invenimus
918 3885 964 3950 ibi
980 3892 1175 3972 planetas¹⁸)

75 3991 223 4042 castaneas
243 3979 283 4038 ΙΙ.
304 3981 341 4040 de
360 3981 427 4039 lana
446 3978 552 4038 saetam
573 3991 604 4038 et
622 3978 743 4037 tinctam
763 3980 787 4036 I.
809 3979 990 4044 dalmaticam
1007 3989 1059 4063 ¹⁷)
1079 3988 1114 4062 I.‚
1139 3987 1174 4046 li-

74 4077 220 4147 neam¹⁸)
240 4073 275 4147 t,
294 4071 373 4132 albas
385 4073 455 4131 VII.
476 4072 596 4132 amictus
613 4072 666 4129 IV.
686 4070 873 4150 fanones¹⁹)
894 4075 987 4135 lineos
1006 4079 1101 4138 serico
1122 4099 1175 4159 pa-

76 4173 156 4224 ratos
176 4166 213 4224 ad
233 4116 419 4224 ollerendum
439 4163 475 4224 ad
496 4165 586 4224 altare
607 4163 692 4222 XIII.
711 4161 798 4242 pallia
819 4165 855 4224 ad
879 4167 1091 4246 induenda²⁰)
1110 4173 1175 4250 pal.

71 4252 170 4316 liade
190 4255 416 4332 lana²¹)facta
442 4267 471 4316 ot
494 4257 603 4316 tinctae
628 4256 665 4315 ad
689 4257 779 4318 altare
804 4257 982 4318 induendum
1002 4261 1043 4320 11
1036 4302 1061 4337 ‚
1086 4265 1175 4344 pallia

78 4343 154 4407 linea
173 4348 266 4409 tincta
284 4349 325 4407 IL
345 4347 516 4418 linteamina
534 4349 629 4410 serico
649 4361 749 4430 parata
768 4351 805 4410 ad
824 4349 925 4409 altaria
944 4352 1093 4416 vestienda
1111 4359 1175 4422 XX
1254 4419 1259 4436 ⁸
1339 4364 1343 4376 '

81 4441 204 4506 manicas
222 4441 410 4535 sericeas²²)
429 4462 502 4506 auro
521 4454 552 4504 et
570 4443 732 4524 margaritis
752 4453 865 4522 paratas
885 4443 938 4507 tv.
964 4457 1003 4508 et
1013 4447 1081 4512 altas
1101 4453 1174 4515 seri·

878 4563 884 4592 l
