2900 5086
728 565 730 570 '
751 571 758 600 t

691 739 883 826 LXXXIX,
907 733 940 810 d.

320 873 475 934 ottonis
491 872 568 928 m.
602 867 864 940 Imperator-ts
885 863 1055 933 Autsutt
1079 859 1331 918 constitutio

270 979 422 1036 deiurare
439 987 562 1046 potestate
579 969 690 1044 imperii,
707 971 739 1024 do
756 967 898 1020 donatione
916 964 1076 1020 Constantini
1094 975 1119 1018 et
1133 958 1221 1015 Caroli
1239 963 1329 1024 Calvi,
1352 965 1390 1016 de

143 1083 145 1098 ¹
215 1059 217 1064 ¹
271 1062 440 1134 assignatione
456 1059 596 1121 bonorum,
614 1056 707 1128 quibus
724 1053 862 1106 Pontifices
880 1050 993 1104 Romani
1012 1051 1045 1102 sd
1061 1049 1101 1102 aui
1118 1067 1230 1118 suaeque
1244 1047 1390 1101 Ecclesiae

565 1140 774 1196 sustentationem
791 1135 830 1188 uti
847 1131 899 1188 frui
917 1135 1027 1188 debeant
1039 1131 1073 1204 ¹).

328 1289 367 1348 In
376 1281 496 1347 nomine
506 1265 623 1345 sanctae
636 1293 665 1342 et
676 1279 842 1340 individuae
854 1274 1015 1338 Trinitatis.
1046 1273 1121 1334 Otto
1132 1293 1230 1335 servus
1241 1273 1385 1354 Aposto-

272 1382 368 1443 lorum
385 1389 415 1440 et
429 1379 587 1440 secundum
603 1375 784 1439 voluntatem
796 1369 854 1430 Dei
866 1367 1025 1430 salvatoris
1036 1369 1203 1447 Imperator
1215 1368 1383 1449 Augustus.

272 1475 397 1534 Romam
425 1483 513 1553 caput
541 1468 642 1532 mundi
665 1465 852 1548 profitemur:
882 1465 1044 1522 Romanam
1065 1460 1227 1521 Ecclesiam
1251 1473 1382 1522 matrem

272 1567 404 1628 omnium
413 1565 610 1630 Ecclesiarum
622 1579 683 1620 esse
694 1569 848 1626 testamurs
866 1557 918 1616 sed
935 1555 1047 1615 incuria
1061 1567 1090 1614 ct
1101 1554 1255 1615 inscientia
1268 1555 1379 1615 Ponti-

271 1663 359 1722 licum
370 1659 461 1740 longe
473 1677 540 1718 suae
552 1653 689 1716 claritatis
701 1651 801 1711 titulos
813 1648 989 1709 obfuscasse.
1019 1649 1094 1708 Nam
1108 1669 1169 1708 non
1180 1647 1288 1722 solum,
1302 1668 1376 1727 quae

170 1798 188 1819 s
271 1767 352 1816 extra
362 1752 475 1812 Urbem
493 1770 554 1811 esse
566 1746 751 1820 videbantur,
770 1742 966 1804 vendiderunt
982 1753 1012 1802 et
1026 1741 1196 1822 quibusdam
1210 1741 1376 1801 colludiisa

270 1848 332 1908 lare
351 1846 443 1908 sancti
462 1843 544 1904 Petri
563 1841 779 1924 alienaverunt,
803 1837 854 1896 sed
873 1834 970 1915 (quod
990 1834 1098 1913 absque
1119 1834 1224 1894 dolore
1244 1855 1311 1894 non
1331 1834 1375 1894 di-

271 1939 378 2015 cimus)
397 1937 422 2016 si
442 1937 512 2018 quid
531 1937 562 1996 in
581 1935 636 1993 hac
655 1940 756 1991 nostra
775 1929 859 1990 Urbe
878 1929 972 2012 Regia
996 1927 1177 2002 habuerunt,
1210 1939 1244 1986 ut
1268 1925 1377 1986 maiori

271 2031 390 2092 licentia
409 2037 618 2112 evagarentur,
638 2023 773 2084 omnihus
793 2021 955 2082 indicantes
980 2019 1135 2101 pecuniam
1149 2019 1186 2080 ‘in
1214 2037 1375 2079 commune

271 2125 431 2197 dederunt,
457 2133 491 2180 et
509 2129 639 2180 sanctum
660 2117 781 2176 Petrum
803 2127 833 2175 et
852 2127 982 2176 sanctum
1002 2114 1140 2188 Paulum,
1169 2115 1231 2194 ipsa
1253 2133 1373 2193 quoque

272 2215 374 2276 altaria
393 2213 603 2294 spoliaverunt,
624 2221 653 2272 et
673 2229 727 2290 pro
748 2209 934 2289 reparatione
955 2227 1071 2288 semper
1091 2206 1293 2266 confusionem
1314 2207 1370 2263 du-

268 2318 382 2370 xerunt.
421 2304 566 2367 Confusio
586 2325 658 2365 vcro
675 2303 821 2381 Papaticis
841 2302 967 2383 legibus,
987 2313 1017 2361 et
1036 2301 1092 2360 iam
1113 2300 1226 2360 abiecta
1236 2298 1369 2358 Ecclesia

268 2401 420 2477 Romana,
445 2399 476 2460 in
496 2411 609 2459 tantum
636 2397 752 2475 quidam
772 2395 949 2456 Pontificum
972 2395 1137 2469 irruerunt,
1161 2405 1196 2452 ut
1218 2392 1370 2452 maximam

232 2509 237 2518 ·
269 2507 383 2574 partem
409 2488 650 2573 Imperii-nostri
668 2488 858 2568 Apostolatui
883 2509 936 2549 suo
963 2489 1196 2569 coniungerent,
1228 2487 1285 2545 iam
1306 2505 1373 2544 non

134 2649 146 2656 ,
175 2571 186 2586 “
270 2598 455 2666 quaerentes,
470 2605 550 2666 quae
571 2595 600 2644 et
620 2593 727 2664 quanta
747 2581 806 2642 suis
826 2583 917 2664 culpis
937 2581 1139 2662 perdiderunt,
1159 2601 1221 2640 non
1234 2591 1366 2641 curantes

192 2712 194 2716 s
268 2691 376 2758 quanta
402 2701 436 2740 ex
459 2678 623 2739 voluntaria
642 2677 770 2738 vanitate
794 2675 979 2747 elluderunt3
1008 2675 1059 2734 scd
1083 2696 1134 2734 sua
1158 2675 1297 2752 propria,
1319 2684 1366 2731 ut-

267 2783 340 2849 pote
359 2770 395 2830 ab
416 2771 471 2829 illis
491 2771 560 2849 ipsis
581 2770 752 2848 dilapidata,
773 2769 960 2841 dimittentes,
980 2767 1061 2846 quasi
1082 2767 1196 2846 culpam
1215 2766 1247 2825 in
1269 2767 1364 2846 Impe-
1435 2743 1436 2768 ¹

266 2861 344 2921 rium
369 2872 501 2920 nostrum
525 2871 748 2940 retorquentes,
781 2859 953 2936 adaliena,
983 2860 1013 2920 id
1040 2871 1083 2920 est
1102 2871 1202 2920 nostra
1224 2871 1254 2920 et
1272 2858 1363 2918 nostri

255 2953 398 3036 imperii,
417 2951 538 3012 maxime
557 2951 764 3034 migraverunt.

321 3053 351 3112 2.
391 3047 473 3105 Haec
497 3056 564 3104 sunt
590 3046 667 3104 enim
688 3059 853 3109 commenta
874 3046 910 3106 ab
931 3046 987 3106 illis
1006 3045 1075 3126 ipsis
1095 3045 1230 3122 inventa,
1259 3043 1361 3124 quibus
1435 3077 1436 3092 ι

264 3138 412 3200 Iohannes
435 3139 586 3200 Diaconus
612 3153 813 3222 cognomento
840 3140 1010 3222 Digitorum
1039 3138 1146 3198 mutuis
1176 3148 1360 3218 praeceptum

266 3235 360 3295 aureis
385 3233 475 3294 literis
500 3231 634 3312 scripsit,
659 3231 711 3292 sub
737 3234 823 3296 titulo
843 3231 946 3316 Magni
968 3230 1163 3292 Constantini·
1181 3231 1264 3314 longi
1282 3251 1360 3290 men·

209 3395 216 3410 ἱ
265 3325 342 3386 dacii
359 3325 604 3406 temporafinxit.
638 3325 719 3386 Haec
739 3339 807 3387 sunt
826 3326 913 3387 etiam
933 3336 1109 3401 commenta,
1130 3325 1235 3404 quibus
1256 3326 1360 3399 dicunt,

265 3419 411 3495 quendam
432 3417 614 3496 Carolum²)
633 3433 733 3480 sancto
755 3421 846 3480 Petro
866 3431 967 3480 nostra
986 3419 1103 3498 publica
1122 3419 1275 3478 tribuisse:
1302 3418 1359 3477 Sed

236 3597 240 3604 „
263 3509 302 3567 ad
325 3507 398 3568 h'aec
422 3510 648 3588 respondemus,
680 3513 773 3592 ipsum
796 3512 936 3574 Carolum
960 3513 1040 3592 nihil,
1054 3513 1122 3572 dare
1142 3512 1206 3571 iure
1226 3511 1357 3592 potuisse,

262 3610 367 3678 utpote
386 3601 442 3661 iam
463 3623 479 3662 a
500 3600 609 3662 Carolo
629 3604 796 3685 meliore⁸)
817 3607 964 3689 fugatum,
987 3605 1044 3665 iarn
1064 3605 1189 3686 imperio
1210 3607 1355 3685 privatum,

180 3735 182 3740 -
263 3689 320 3750 iain
346 3693 513 3755 destitutum
539 3706 568 3754 et
591 3696 781 3757 annullatum.
820 3701 903 3782 Ergo
932 3699 1011 3779 quod
1035 3720 1097 3758 non
1121 3696 1239 3772 hahuit,
1269 3698 1355 3770 dedit;

262 3784 303 3846 sic
324 3785 418 3860 dedit,
438 3788 519 3865 sic⁴)
539 3789 675 3850 nimirum
696 3789 764 3850 dare
784 3793 892 3872 potuit,
911 3803 1015 3872 utpote
1036 3792 1086 3872 qui
1104 3792 1180 3852 male
1201 3792 1354 3872 acquisivit,

262 3888 292 3937 et
312 3877 361 3938 diu
380 3898 411 3938 se
430 3901 628 3959 possessurum
648 3903 711 3942 non
730 3885 865 3964 speravit.
1272 3891 1275 3898 '

259 4062 262 4068 Ι
315 3977 343 4036 3.
383 3971 496 4052 Spretis
515 3993 588 4056 ergo
614 3977 825 4037 commenticiis
849 3977 1013 4058 praeceptis
1041 3989 1071 4037 et
1089 3976 1267 4058 imaginariis
1285 3977 1350 4037 scri-

259 4063 333 4142 ptis,
366 4085 400 4125 ex
424 4075 525 4125 nostro
552 4067 739 4129 conferimus.
776 4069 859 4130 Sicut
884 4069 962 4130 enim
983 4091 1038 4150 pro
1059 4091 1158 4148 amore
1178 4070 1280 4130 Sancti
1298 4071 1349 4129 Pe-

206 4181 210 4190 ·
258 4155 297 4213 tri
313 4155 474 4217 Dominum
497 4155 668 4219 Silvestrum
692 4162 862 4246 magistrum
882 4163 1056 4241 nostrum)
1074 4161 1184 4244 Papam
1206 4163 1346 4245 elegimus,

259 4255 303 4320 et,
316 4247 389 4336 xDeo
409 4250 545 4326 volente,
570 4249 665 4329 ipsum
686 4256 900 4316 serenissimum
921 4253 1117 4318 ordinavimus
1139 4267 1169 4316 et
1189 4254 1348 4330 creavimus,

255 4337 296 4396 ita
322 4359 377 4416 pro
403 4355 502 4404 amore
528 4343 617 4424 ipsius
636 4343 758 4404 Domini
779 4341 913 4408 Silvestri
943 4347 1040 4427 Papae
1065 4347 1176 4410 Santto
1202 4349 1290 4408 Petro
1314 4349 1348 4407 de

160 4493 167 4505 ,
211 4483 219 4498 ,
254 4429 375 4512 publico
395 4447 498 4496 nostro
515 4437 592 4498 dona
613 4436 806 4514 conferimus,
833 4451 866 4500 ut
884 4439 991 4522 habeat
1010 4435 1149 4524 magister
1169 4442 1249 4522 quod
1267 4441 1345 4501 Prin-
