2960 5094
798 445 857 516 ,Ι
941 479 945 486 ¹

93 577 97 592 .
169 591 173 616 ¹
280 612 418 718 opertet
434 601 658 667 unsnobiscosu
674 601 715 664 de
729 602 1011 684 vestreamplissinsa
1028 601 1225 684 prosperitate
1244 602 1382 666 etuber-

279 702 368 764 rima
377 697 488 761 laetitis
516 695 568 758 diu
596 694 743 777 gaudere,
774 708 805 758 et
828 695 860 756 in
883 696 1015 758 Domino
1039 695 1108 756 Deo
1133 695 1252 758 salutari
1274 707 1385 758 nostro

279 779 432 864 exsultasti
478 771 661 852 incolumem
684 789 894 851 Excellentism
924 799 1051 852 vestram
1069 789 1162 872 gratis
1181 807 1307 870 superus
1326 809 1384 852 cu·

277 887 397 951 studist.

336 977 504 1044 Embolon.
542 975 603 1036 Per
620 974 706 1036 aliam
726 973 834 1055 quippe
850 971 1005 1055 epistolam
1016 993 1107 1050 mam,
1127 973 1224 1038 aDeo
1245 965 1386 1054 protecti

250 1061 254 1068 ¹
274 1073 436 1138 Erimietes
456 1080 552 1132 restes
571 1069 646 1132 sicut
665 1078 745 1128 certe
764 1087 818 1126 suo
839 1065 916 1126 bene
936 1067 1066 1148 cupienti
1082 1067 1160 1148 petri
1173 1067 1288 1142 direxit,
1308 1087 1385 1150 qua-

278 1181 364 1242 tenus
383 1163 516 1226 Titulum
540 1159 719 1244 protectoris
743 1158 832 1220 vestri
857 1157 936 1220 beati
956 1159 1067 1222 Christi
1091 1159 1227 1242 Martyris
1249 1159 1386 1245 Cbryso—

278 1258 353 1372 goni
370 1279 438 1320 cum
464 1255 601 1318 omuibus
624 1251 680 1314 sibi
705 1251 922 1332 pertinentibus
947 1235 1134 1314 dilectissimo
1158 1265 1247 1333 atque
1272 1253 1385 1316 fidelis·

278 1355 354 1417 simo
382 1349 468 1416 vobis
493 1349 610 1410 Marino
635 1345 815 1425 Presbytero
841 1349 1006 1408 concedere
1031 1345 1214 1408 deberemus.
1251 1345 1300 1407 Ile
1320 1368 1382 1428 quo

276 1457 312 1510 et
327 1455 517 1528 presceptum
536 1439 623 1502 nobis
643 1438 731 1522 dirigi
751 1437 881 1520 petistis,
902 1441 982 1522 quod
1001 1459 1109 1520 nempe
1129 1439 1169 1500 ob
1188 1448 1314 1502 vestrs'm
1336 1441 1383 1501 di-

277 1541 447 1613 lectionem,
467 1533 546 1596 etin
567 1552 605 1592 eo
626 1533 706 1612 quod
727 1531 820 1592 fidelis
838 1544 936 1594 vester
955 1544 1115 1613 nosterque
1134 1533 1213 1594 idem
1233 1533 1382 1596 sanctissi-

276 1653 342 1698 mus
367 1643 455 1710 etque
479 1625 680 1687 dilectissimus
706 1624 836 1686 Marinus
855 1624 1015 1708 Presbyter
1039 1623 1162 1702 exsistit,
1181 1625 1308 1707 praelati
1326 1625 1383 1686 Ti·

276 1726 332 1788 tuli
350 1729 550 1804 praeceptum,
571 1739 636 1780 cum
656 1718 793 1780 omuibus
814 1715 886 1778 locis
906 1729 937 1778 et
955 1719 1187 1799 possessionibus
1211 1718 1269 1780 sibi
1288 1719 1383 1800 pesti·

226 1809 231 1818 ’
276 1815 425 1890 uentibus,
444 1811 564 1874 urbanis
582 1813 631 1876 vel
650 1801 776 1887 rusticis,
794 1809 879 1872 vobis
899 1823 1055 1887 exaratum,
1076 1824 1163 1892 atque
1178 1833 1269 1874 manu
1280 1822 1382 1873 nostre

276 1909 462 1983 roboretum,
480 1925 536 1986 per
553 1906 657 1966 berum
676 1907 800 1966 latorem
826 1903 979 1964 direximus
1003 1905 1169 1966 Esimietati
1193 1918 1308 1968 vestrae
1328 1907 1383 1967 de-

275 1999 463 2085 portandum.
508 1998 673 2060 Direximus
693 1999 780 2058 etiam
800 1996 1057 2060 excellentissimae
1077 1997 1309 2060 Praecellentise
1328 2018 1382 2060 se·

276 2107 354 2158 strue
380 2103 411 2153 et
433 2091 543 2168 libros,
572 2103 696 2172 quantos
722 2091 853 2172 reperire
878 2091 1043 2170 potuimus,
1067 2091 1099 2151 id
1119 2104 1163 2153 est
1180 2091 1383 2171 Antipbousle
1468 2156 1469 2170 ,

276 2199 309 2250 et
326 2185 528 2266 Responssle,
546 2186 664 2248 insimul
684 2198 776 2248 artem
797 2183 1025 2245 Grammaticsrn
1044 2183 1225 2259 Aristotelis,
1241 2183 1384 2266 Dionysii
1463 2248 1467 2261 ,

276 2279 470 2362 Ariopsgitse
484 2279 603 2356 Libros,
619 2279 849 2354 Geometricsm,
861 2276 1124 2358 Ortbogrspbism,
1144 2275 1386 2353 Grammedcam,
1463 2306 1467 2362 3

278 2393 381 2436 omnes
408 2372 530 2436 Graeco
557 2371 677 2452 eloquio
702 2369 874 2451 scriptores,
899 2389 1019 2430 necnon
1045 2382 1075 2430 et
1101 2368 1299 2452 Horologium
1324 2371 1385 2431 no·

138 2462 142 2472 '
223 2563 229 2578 ,
277 2479 422 2548 yturuum.

731 2649 930 2662 m

766 2809 893 2882 XVIII.

195 2893 199 2906 ’
276 2935 489 3006 memplon-
514 2931 706 3004 epistelee
734 2933 915 2990 etnsdeser
938 2935 1072 3004 Popee
1102 2935 1155 2990 ed
1180 2935 1382 2992 nonnum

277 3017 404 3075 Gerulum
424 3020 517 3086 lingere
535 3019 662 3083 directae,
685 3018 714 3072 in
736 3039 786 3090 qus
804 3018 952 3073 continetur
968 3019 1001 3071 de
1017 3021 1218 3072 renumdstioue
1235 3023 1383 3093 meneipio-

277 3127 335 3162 runs
354 3105 422 3172 scuti
438 3123 553 3176 pagense
570 3103 759 3158 Ssrscenorum
776 3105 858 3158 iectu:
881 3117 908 3156 et
922 3103 1067 3173 praedictus
1084 3102 1156 3170 Pspe
1174 3123 1310 3171 excusans,
1328 3105 1383 3158 Ilo·
1472 3125 1473 3144 ³

277 3211 368 3250 menos
383 3207 517 3262 nunqusns
534 3189 586 3242 ule
602 3190 684 3242 seclus
701 3202 869 3259 perpetrasse,
883 3189 930 3242 sed
947 3187 1153 3252 ebungobsrslis
1171 3202 1197 3242 et
1215 3188 1321 3246 Grencis
1338 3209 1384 3246 eos

691 3275 800 3328 traditos
818 3291 870 3326 csse
891 3271 961 3330 dicit.

334 3405 457 3467 Domno
478 3405 718 3469 excellentissimo
738 3407 801 3469 filio
823 3406 935 3472 Carolo
955 3403 1031 3489 Iiegi
1050 3405 1231 3469 Francorum
1252 3415 1282 3467 et
1300 3405 1384 3468 Lan-

279 3497 490 3584 gobardorum,
510 3509 597 3577 atque
617 3499 747 3559 Patricio
767 3503 985 3574 Romanorum,
1004 3500 1150 3560 Adrianus
1175 3501 1264 3580 Papa.
1304 3497 1384 3560 Iusi-

279 3591 344 3675 gnis
365 3589 504 3671 praeconi
521 3601 635 3650 vestrae
656 3611 672 3650 a
691 3591 759 3650 Deo
780 3591 918 3652 fundatae
943 3591 1048 3673 regalis
1068 3592 1225 3667 Potentiae
1255 3591 1383 3674 syllabas

278 3683 467 3764 suscepimus,
488 3693 518 3744 et
536 3681 605 3741 Deo
627 3683 824 3763 omnipotenti
844 3686 950 3768 gratias
971 3685 1100 3767 egimus,
1128 3689 1177 3769 qui
1201 3707 1256 3747 nos
1283 3696 1383 3746 certos

278 3776 408 3838 reddidit
432 3777 468 3836 de
494 3773 634 3856 sospitate
659 3776 763 3838 aDco
788 3779 915 3859 protecti
940 3778 1027 3861 regni
1049 3781 1156 3858 vestri,
1179 3779 1265 3841 simul
1294 3777 1383 3840 etde

280 3867 403 3952 spiritali
422 3867 482 3928 filia
501 3881 601 3930 nostra
621 3869 752 3952 Regina,
776 3869 940 3939 dulcissima
958 3883 1054 3932 vestra
1075 3875 1213 3956 coniuge,
1235 3884 1266 3933 et
1284 3871 1382 3952 prole,

179 3962 185 3976 '
280 3975 311 4028 et
330 3983 386 4046 pro
407 3961 518 4023 cunctis
537 3963 709 4046 Episcopis,
729 3963 848 4026 diversis
876 3963 1095 4043 Sacerdotibus,
1115 3966 1243 4042 Senatu,
1263 3977 1294 4026 et
1311 3965 1381 4026 uni-

278 4077 365 4122 verso
379 4055 475 4119 aDeo
488 4068 661 4118 conseruato
672 4058 786 4140 populo
798 4057 988 4119 Francorum.
1029 4056 1229 4140 Cognoscitur
1241 4061 1331 4135 enim,
1350 4069 1383 4118 et

173 4185 182 4200 =
280 4161 427 4212 scrutator
446 4147 578 4211 cordium
598 4155 629 4209 et
647 4169 750 4213 renum
759 4151 841 4210 Deus
861 4161 962 4211 noster
982 4150 1078 4233 [scit]‚
1098 4153 1164 4232 quia
1180 4152 1295 4214 sincere
1314 4153 1382 4213 sine

280 4243 412 4320 qualibet
431 4241 586 4306 occasione
606 4242 637 4304 in
656 4255 752 4308 vestra
771 4243 910 4304 melliflue
929 4245 1037 4328 regalis
1048 4245 1204 4307 Potentiae
1222 4264 1381 4326 permane-

209 4407 214 4426 .
279 4353 343 4394 mus
363 4337 492 4400 caritate.
529 4337 570 4398 Et
590 4337 781 4422 deprecamur
797 4338 857 4399 Dei
876 4337 1087 4420 omnipotentis
1108 4338 1292 4401 clementiam
1313 4357 1383 4401 cum

280 4427 387 4488 nostn's
406 4429 573 4514 Episcopis,
592 4430 819 4509 Sacerdotibus,
839 4429 1039 4514 Cleroatque
1058 4431 1169 4494 Senatu
1189 4443 1219 4494 et
1237 4433 1381 4498 universo
1471 4515 1472 4520 η
