2890 5092
597 409 765 500 lsa-

75 562 235 637 citudine,
259 562 337 622 sicut
355 539 479 645 {rafiam
498 561 831 644 Domnislmperatoris
856 568 994 650 cupiunt,
1019 580 1053 630 ut
1077 569 1189 650 absque

72 656 172 717 ullum
194 665 242 716 ort
261 667 329 726 eant
349 677 402 736 per
421 656 582 721 ministeria
603 676 714 734 eorum,
735 659 929 742 omnibusque
957 662 1080 732 omnino
1098 683 1197 744 prae·
1264 738 1268 746 Ι

72 750 193 840 cipiant
218 750 268 829 qui
295 750 353 810 hoc
378 749 472 810 debiti
495 761 576 824 sunt,
603 753 774 828 praevidere
801 765 834 814 ut
857 753 967 814 nullam
991 776 1104 816 moram
1129 779 1184 818 nu-

71 863 180 920 squam
201 842 360 921 patiantur,
379 842 431 902 sed
451 862 516 902 cum
537 843 616 902 omni
637 842 824 908 festinatiohe
844 869 895 909 eos
915 847 1026 910 faciant
1039 850 1087 918 ¹irc
1107 849 1183 910 viam

71 955 168 1012 suam,
181 946 212 996 et
222 935 320 998 taliter
329 931 544 1013 providentiam
555 936 769 1006 suamhabeant
781 951 814 1003 ut
820 941 899 1002 Missi
909 942 1004 1004 nostri
1017 943 1183 1023 disponant

359 1151 363 1161 .
388 1105 430 1157 Dc
446 1108 603 1178 pauperihus
621 1128 676 1162 non
695 1108 879 1178 opprimendis.

57 1191 64 1202 “
130 1207 244 1270 XXIX.
282 1206 330 1266 De
349 1205 526 1286 pauperibus
551 1228 622 1273 vero
648 1209 699 1288 qui
724 1208 755 1268 in
775 1230 826 1270 sua
846 1199 1030 1292 eleemosyna
1048 1212 1184 1272 Domnu‘s

23 1353 25 1360 .
69 1302 249 1380 Imperator
275 1298 411 1360 concedit
435 1300 486 1378 qui
510 1322 566 1380 pro
591 1301 691 1364 banno
716 1322 770 1362 suo
790 1301 905 1362 solvere
926 1302 1050 1380 debent,
1078 1316 1111 1364 ut
1131 1323 1183 1364 eos

68 1394 212 1468 IudIces,
244 1393 400 1468 Comites,
420 1393 468 1478 vel
493 1394 573 1454 Missi
598 1395 692 1456 nostri
716 1415 772 1474 pro
799 1414 940 1466 concesso
967 1415 1029 1454 non
1055 1395 1183 1492 habeant

70 1486 284 1568 constringere
303 1478 360 1566 pio
381 1498 444 1548 arte
464 1496 523 1548 sua'.

330 1639 372 1692 De
389 1639 428 1693 his
454 1641 499 1708 qni
517 1641 550 1693 ad
567 1641 753 1711 Imperatorem
772 1641 930 1708 confugiunt.

129 1741 225 1800 XXX.
264 1741 311 1800 De
331 1740 375 1799 his
396 1761 470 1820 quos
489 1739 550 1802 vult
568 1741 702 1803 Domnus
728 1741 909 1822 Imperator,
936 1738 1057 1801 Christo
1077 1741 1182 1820 propi·
1256 1743 1259 1750 '

70 1834 126 1910 tio,
146 1845 183 1892 ut
202 1853 305 1914 pacem
324 1854 358 1894 ac
379 1833 582 1894 defensionem
601 1834 758 1895 habeant'
748 1854 885 1916 rnregno
897 1855 962 1909 suo,
981 1835 1011 1894 id
1031 1845 1109 1909 sunt,
1129 1834 1180 1913 qui
1277 1833 1279 1846 '

70 1927 107 1988 ad
128 1947 214 1986 suam
234 1926 417 1986 clementiam
439 1926 579 1987 festinant
597 1923 706 2006 aliquid
726 1928 863 1988 nuntiare
885 1921 1046 2006 cupientes,
1066 1927 1125 1988 sive
1146 1946 1180 1986 ex

71 2001 304 2092 Christianis,
282 2040 342 2079 srve
363 2039 397 2078 er
415 2019 547 2100 paganis,
566 2031 615 2078 aut
635 2031 758 2100 propter
775 2021 906 2100 Inopiam
924 2019 972 2079 vel
991 2031 1116 2100 propter
1135 2017 1179 2077 Ia-

69 2134 151 2172 mem
172 2099 394 2208 suffragantiam
415 2122 569 2190 quaeruut,
588 2121 621 2168 ut
640 2112 735 2171 nullus
756 2133 806 2172 eos
826 2103 883 2173 sibi
902 2113 1019 2175 servitio
1032 2111 1178 2173 constrin-

71 2226 145 2288 gere
167 2204 216 2266 vel
236 2225 376 2285 usurpare
396 2205 518 2279 audeat,
548 2223 645 2282 neque
666 2201 810 2279 aliepare,
839 2227 935 2285 neque
960 2207 1101 2276 vendere,
1127 2203 1179 2263 sed
1227 2232 1232 2241 ,

68 2297 123 2356 ubi
144 2309 254 2376 sponte
273 2318 393 2358 manere
412 2296 569 2370 voluerint,
589 2295 642 2355 suh
665 2295 837 2356 defensione
855 2297 969 2360 Domni
987 2297 1178 2378 Imperatoris

68 2389 115 2447 ihi
136 2388 269 2448 habeant
286 2390 453 2470 suffragia'
444 2413 475 2448 ιιι
494 2411 545 2450 sua
572 2388 767 2470 eleemosyna.
810 2388 843 2448 si
870 2387 933 2468 quis
953 2390 1010 2448 hoc
1029 2399 1178 2468 transgre·
1235 2451 1242 2464 κ

69 2482 146 2542 dere
168 2482 406 2562 praesumpserit,
425 2483 496 2542 sciat
515 2504 546 2543 se
567 2481 671 2542 exinde
692 2483 828 2542 damnum
847 2482 908 2564 patr
919 2481 1008 2543 urtam
1028 2499 1178 2568 praespm-

70 2575 189 2656 ptiosus
210 2573 410 2656 dispositum
400 2597 476 2636 russa
495 2575 646 2636 Domuum
665 2575 839 2672 Imperator.

211 2729 254 2782 De
270 2729 309 2782 his
327 2729 372 2800 qui
389 2729 449 2782 ad
440 2729 560 2783 anstitiam
577 2727 678 2781 Domni
702 2729 866 2800 Imperatoris
883 2728 1041 2782 annuntiant

129 2827 240 2889 XXXI.
283 2831 327 2888 Ut
351 2829 396 2889 his
422 2831 471 2909 qui
496 2830 633 2890 iustitiam
651 2829 764 2890 Domni
783 2829 972 2910 Imperatoris
992 2829 1179 2906 annuntiant,

71 2923 146 2982 nihil
167 2923 305 2982 laesionis
324 2921 397 2983 vel
388 2923 508 2981 ruiuriae
528 2923 592 3001 quis
614 2923 781 2984 machinare
801 2933 980 3002 praesumat,
1004 2941 1102 3000 neque
1122 2919 1174 2978 ali-

73 3017 143 3094 quid
162 3015 333 3078 inimicitiae
353 3025 456 3076 contra
477 3035 527 3074 eos
551 3031 679 3074 movere.
730 3013 792 3087 Qui
817 3027 912 3074 autern
938 3013 1178 3092 praesumpserit,
1242 3080 1247 3090 .

72 3108 205 3170 bannum
231 3107 409 3169 dominicum
434 3105 537 3168 solvat.
583 3104 689 3164 Vel
666 3127 690 3165 ει
713 3106 831 3166 maioris
856 3104 947 3166 debiti
970 3125 1036 3165 reus
1061 3105 1113 3178 sit,
1138 3103 1177 3163 ad
1266 3091 1269 3108 ⁸

73 3223 152 3262 suam
173 3202 370 3282 praesentiam
391 3199 541 3281 perduci
532 3219 639 3260 russum
659 3211 712 3260 est.

92 3356 135 3409 De
153 3354 303 3408 homicidiis
319 3349 451 3419 cavendil,
469 3355 502 3406 de
507 3351 711 3422 compositione
728 3349 885 3414 occisorum,
902 3364 927 3403 et
945 3351 978 3402 da
993 3347 1153 3420 poenitentia

526 3436 726 3490 homicidarum.

127 3540 253 3602 XXXII.
292 3531 469 3615 Homicidia,
489 3558 544 3619 pro
565 3535 670 3616 quibus
690 3534 845 3596 multitudo
865 3535 942 3616 perit
961 3535 1065 3616 populi
1085 3532 1174 3595 Chri

72 3635 173 3711 stiani,
199 3633 281 3696 omni
306 3633 520 3694 contestatione
548 3633 682 3693 deserere
709 3651 743 3690 ac
767 3641 867 3691 vetare
896 3629 1078 3700 mandamus;
1106 3626 1176 3708 quia
1256 3641 1258 3650 '

72 3726 132 3806 ipse
151 3727 300 3788 Dominus
321 3726 389 3787 odia
409 3738 439 3786 et
457 3724 621 3787 inimicitias
641 3724 698 3785 suis
717 3722 851 3784 fidelihus
871 3719 1060 3794 contradixit,
1079 3718 1172 3780 multo

73 3823 166 3903 magis
184 3819 350 3882 homicidia.
391 3819 553 3894 Quomodo
575 3819 653 3879 enim
673 3817 728 3879 sibi
739 3817 837 3876 Deum
848 3814 995 3894 placatum
1011 3813 1077 3874 lore
1097 3834 1172 3875 con-

74 3911 151 3991 lidit,
178 3913 228 3994 qui
254 3915 347 3975 filium
373 3935 456 3974 suum
475 3913 638 3994 proximum
663 3910 718 3970 sibi
745 3907 904 3971 occiderit?
944 3906 1081 3982 Qualiter
1100 3923 1172 3968 vero

75 4001 224 4068 Christum
243 4007 405 4067 Dominum
430 4007 486 4067 sibi
509 4005 669 4086 propitium
690 4023 751 4063 esse
778 4001 950 4076 arbitretur,
981 4023 1031 4080 qur
1023 3998 1171 4056 'fratrem

75 4116 156 4158 suum
176 4098 378 4163 interfecerit?
416 4101 557 4180 Magnum
577 4117 695 4176 quoque
716 4106 747 4156 et
765 4093 992 4156 inhabitaculum
1008 4087 1171 4194 periculum

75 4201 117 4247 est
136 4211 200 4260 cum
221 4192 289 4252 Deo
309 4193 415 4268 Patre,
443 4203 473 4252 et
492 4190 612 4252 Christo
633 4189 709 4250 coeli
724 4199 759 4250 et
777 4203 873 4251 terrae
894 4186 1095 4255 dominatore,
1113 4179 1170 4238 ini-

75 4277 194 4344 micitiat
210 4271 365 4346 h'ominum
384 4303 513 4359 movere,
534 4303 618 4362 quos
627 4281 737 4362 aliquid
750 4294 862 4362 tempus
873 4275 1014 4338 latitando
1036 4273 1170 4356 effugere

77 4383 182 4455 potest,
201 4378 252 4438 sod
270 4389 369 4442 tamen
389 4398 455 4442 casn
482 4375 638 4458 aliquando
663 4376 695 4438 in
719 4397 821 4439 manus
845 4370 1030 4432 inimicorum
1049 4386 1169 4433 suorum
1231 4375 1238 4384 ’

1194 4466 1199 4490 t
