2890 5092
542 429 716 530 'loo-

243 613 379 696 Corpore
399 617 568 696 praevalido
589 617 693 697 quihus
714 630 757 680 cst
776 640 899 682 nervosa
919 603 1059 700 iuventas,

290 705 412 787 Corque
432 731 522 790 capax
544 711 645 786 studii,
662 713 834 793 consiliique
854 724 950 774 tenax.

239 801 340 862 Mente
359 801 473 882 vigent,
492 801 601 864 virtute
624 801 734 879 cluunt,
753 806 862 886 pietate
882 807 1048 868 redundant

228 937 229 942 η
300 894 407 954 Gentis
427 906 551 974 uterque
574 895 678 970 decor,
699 897 789 957 dulcis
808 912 932 981 uterque
951 902 1037 980 patri.

237 988 278 1056 Et
296 1007 375 1046 nunc
394 987 530 1048 ardentes
551 988 627 1049 acies
647 988 709 1048 llex
728 987 827 1050 flectat
845 995 881 1053 ad
899 994 1017 1069 illos¹)‚

285 1079 372 1138 Nunc
392 1079 428 1138 ad
447 1080 609 1162 virgineum
628 1079 729 1141 flectat
748 1083 893 1180 utrinque
912 1086 1048 1159 chorum

236 1169 408 1251 Virgineum
429 1169 613 1249 aduectum,
634 1194 693 1254 quo
714 1195 776 1233 uon
798 1186 841 1234 est
859 1177 1010 1255 pulchrior
1027 1177 1103 1240 alter

285 1262 385 1339 Veste,
404 1265 516 1342 habitu,
536 1267 644 1347 specie,
665 1269 803 1347 corpore,
823 1268 925 1344 corde,
944 1269 1016 1330 fide:

236 1354 357 1415 Scilicet
376 1355 412 1416 ad
431 1358 565 1419 Bertram
586 1371 616 1420 et
633 1361 780 1435 Ilotdrud,
798 1358 850 1418 ubi
869 1361 908 1421 sit
927 1383 1044 1440 quoque
1063 1363 1155 1440 (liele,
1246 1355 1248 1362 ,

283 1448 474 1511 Pulchrorum
494 1473 553 1512 una
573 1471 660 1512 soror
679 1453 717 1512 sit
734 1453 842 1526 minor,
862 1453 936 1512 ordo
956 1454 1053 1514 trion.

149 1609 156 1618 ἱ
234 1539 287 1598 Est
306 1541 416 1602 sociata
438 1545 542 1624 quihus
561 1545 736 1628 Leutgardis
756 1543 878 1626 pulchra
897 1546 1011 1629 virago,

282 1633 369 1706 Quae
389 1637 478 1696 micat
497 1637 619 1720 ingenio
640 1659 706 1698 cunr
726 1637 843 1718 pietatis
864 1658 931 1718 ope.

233 1725 361 1788 Pulchra
381 1729 448 1790 satis
469 1730 558 1807 cultu,
577 1731 629 1791 sed
649 1725 741 1813 digno
761 1731 914 1812 pulchrior
933 1745 1011 1809 actu,

281 1818 358 1880 Cum
378 1823 490 1904 populo
512 1835 543 1884 et
560 1822 693 1884 Ducibus
713 1822 849 1884 omnihus
868 1845 926 1886 una
946 1825 1033 1888 favet.

231 1911 327 1996 Larga
346 1935 445 1993 manu,
465 1915 592 1977 clemens
612 1915 722 1990 auimo,
741 1916 927 1978 blandissima
947 1919 1054 1997 verbis,

280 1993 427 2068 Prodesse
448 2021 478 2068 et
497 2009 620 2085 cunctis,
640 2009 751 2070 nemini
772 2010 877 2072 obesse
896 2017 992 2093 parat:

206 2095 319 2174 'Quae
340 2099 418 2160 hene
438 2101 569 2162 discendi
588 2103 689 2164 studiis
708 2103 837 2164 studiose
855 2105 982 2187 loborat,

278 2193 486 2275 ingenuasque
505 2205 582 2256 artes
600 2197 706 2255 meotis
725 2196 757 2254 in
776 2215 843 2256 arce
862 2195 950 2258 locat.

227 2284 370 2368 Prompta
388 2287 426 2350 sit
446 2287 591 2369 obsequio
611 2287 730 2348 soboles
750 2287 912 2371 gratissima
931 2289 1032 2369 Regis,

279 2378 381 2458 thue
399 2381 493 2464 magis
512 2381 637 2462 placeat,
658 2393 751 2442 certat
770 2401 871 2440 amore
889 2381 951 2462 pio.

177 2549 186 2558 .
230 2469 322 2530 Pallia
343 2473 431 2552 dupla
451 2474 694 2549 celer,manuu1n
714 2494 766 2534 seu
786 2474 915 2556 tegmina
935 2474 1053 2550 blanda,

279 2563 426 2644 Suscipiat
445 2566 580 2644 Carolus,
600 2579 630 2628 et
648 2567 776 2649 gladium
795 2567 983 2640 Hludowioh,

229 2656 300 2732 Quo
320 2657 478 2735 residente,
497 2682 580 2720 suum
601 2671 684 2742 grata
705 2659 784 2720 inter
803 2660 883 2721 basia
902 2682 1007 2721 munus

275 2749 359 2809 Dent
377 2762 463 2812 natae
484 2753 631 2835 egregiae,
652 2753 702 2812 det
721 2773 840 2834 quoque
860 2774 942 2816 carus
961 2773 1053 2815 amor.

226 2843 316 2903 Berta
334 2866 425 2921 rosas,
446 2845 638 2908 chrodtrudh
656 2846 759 2922 violas,
778 2858 809 2906 et
827 2846 888 2906 lilia
909 2844 1002 2922 Gisla,

274 2935 410 2996 Nectaris
436 2937 575 3000 ambrosii
593 2940 724 3018 praemia
743 2959 878 3018 quaeque
897 2938 982 2998 ferat.

228 3027 357 3089 Rothaid
377 3049 476 3109 poma,
496 3029 616 3090 Hiltrud
637 3030 788 3106 Cererem,
808 3028 965 3090 Thedrada
983 3029 1122 3110 Lyaeum,

277 3121 353 3197 Quis
372 3122 452 3182 vario
471 3123 594 3204 species,
613 3124 665 3184 sed
686 3123 777 3183 decor
796 3143 871 3181 unus
890 3122 974 3181 inest„
1024 3145 1026 3150 ¹

227 3215 287 3274 Ista
305 3215 381 3274 nitet
400 3216 532 3297 gemmis,
552 3237 623 3289 auro
643 3217 692 3294 illa
711 3216 847 3296 splendet
866 3226 896 3274 et
916 3223 1008 3288 ostro,

277 3307 370 3366 Haec*
380 3311 494 3388 gemma
513 3310 600 3370 viridi
619 3310 777 3388 praenitet,
796 3307 846 3365 illa
865 3303 964 3364 rubra.
1020 3341 1023 3347 ι

226 3400 332 3460 Fibula
352 3397 506 3481 iomponit
526 3402 610 3476 hanc,
630 3401 709 3460 illam
728 3397 995 3469 limbusaadornatc

275 3492 415 3570 Armillae
436 3494 511 3554 hanc
532 3506 649 3570 ornant,
667 3495 803 3573 hancque
821 3489 932 3551 monile
953 3492 1048 3550 decet.

228 3587 304 3646 Huic
325 3586 493 3668 ferruginea
514 3599 567 3664 est,
586 3599 654 3667 apta
673 3587 742 3648 huic
762 3605 881 3665 quoque
900 3583 979 3644 lutea
998 3583 1099 3658 vestis;

274 3680 446 3742 Lacteolum
466 3680 630 3761 strophium
649 3682 721 3742 haec
740 3675 832 3752 vehit,
850 3676 898 3735 illa
917 3675 1047 3736 rubrum.

225 3774 369 3835 Dulcibus
388 3773 462 3834 haec
481 3774 578 3836 verbis
598 3775 695 3836 faveat
713 3771 801 3853 Regi,
820 3768 910 3828 altera
929 3768 1000 3846 risu,

274 3869 333 3932 Ista
352 3878 465 3946 patrem
484 3888 585 3949 gressu
603 3867 739 3942 mulceat,
757 3864 808 3923 illo
828 3863 908 3926 ioco.

196 3954 199 3958 ’
227 3961 363 4035 Quodsi
383 3960 462 4021 lorte
481 3981 568 4022 soror
588 3959 677 4021 luerit
695 3956 873 4019 sanctissima
891 3953 992 4038 Regis,

235 4122 243 4129 ,
276 4055 384 4116 Oscula
405 4055 456 4116 det
474 4053 559 4116 fratri
579 4053 686 4130 dulcia,
705 4051 797 4112 frater
815 4049 852 4110 ei.

82 4207 280 4225 m·—

118 4323 138 4370 1)
151 4317 240 4376 Pippin
252 4317 281 4361 ist
293 4315 345 4361 hier
356 4316 419 4360 wohl
431 4315 528 4358 derholb
541 4313 604 4360 nieht
616 4311 735 4368 erwiihnt,
758 4311 811 4356 weil
829 4325 856 4356 er
874 4308 923 4377 sich
942 4306 966 4350 in
978 4301 1062 4382 italien
1075 4302 1170 4382 hefand.

82 4385 142 4428 Auolr
155 4383 287 4444 Angilbert,
301 4383 344 4426 der
356 4395 386 4426 on
400 4381 486 4426 scirem
503 4381 566 4424 llol'e
582 4379 730 4424 Primiceriue
745 4375 831 4436 palatis·
849 4389 913 4429 wer,
936 4369 995 4416 wird
1014 4385 1045 4414 nn
1061 4376 1171 4415 werteren

55 4439 59 4449 ‘
81 4451 178 4496 veritur
187 4451 228 4494 ees
241 4449 364 4495 crucum
376 4449 410 4494 au
422 4447 544 4494 cunerono
556 4447 684 4493 neronam
698 4445 849 4504 werne.

847 4506 934 4640 [ot]
