2890 5092
102 467 106 478 ·
210 443 217 452 '
281 459 295 488 t

285 663 374 736 Qualis
391 663 482 738 debeat
499 681 551 716 esse
567 639 726 718 conversatio
747 663 909 718 Clericorum
933 662 977 731 qni
996 681 1056 714 cnm
1075 659 1232 732 Presbyterir
1250 664 1366 730 dogunt.

323 779 435 840 XXIII.
474 734 643 863 Presbyteri
655 781 787 847 Glericos
809 800 882 862 quos
895 797 993 838 secum
1006 777 1126 854 babent,
1145 779 1273 840 sollicite
1287 803 1384 861 prae-

198 920 200 931 .
267 873 387 936 videant
405 884 438 932 ut
458 874 600 934 canonice
619 875 727 949 vivant,
747 894 809 934 non
829 872 925 932 inanis
941 871 1063 946 lusibus,
1081 871 1129 932 vel
1141 873 1286 936 conviviis
1308 895 1381 936 sae-

269 965 431 1041 cularibus,
449 965 497 1026 vel
517 967 635 1030 canticis
654 967 699 1030 vel
719 966 870 1028 luxuriosis
891 968 972 1025 usdm
993 964 1136 1035 habenam
1161 966 1213 1026 sed
1239 978 1320 1029 caste
1351 980 1383 1028 et

269 1058 492 1122 sobrievivant.

388 1237 428 1304 lle
444 1235 578 1308 Presbyter
597 1247 640 1288 aut
659 1232 791 1286 Diaconos
805 1231 927 1284 mulieres
946 1231 974 1284 in
993 1232 1136 1288 domo-sua
1154 1203 1254 1284 babeat

327 1331 433 1397 XXIV.
472 1333 505 1393 Si
529 1334 592 1414 quis
616 1343 711 1394 autem
731 1331 890 1413 Presbyter
913 1331 974 1392 sive
993 1331 1145 1392 Diaconos
1170 1342 1239 1410 post
1265 1331 1324 1392 boc
1346 1333 1376 1390 in

272 1432 359 1493 domo
385 1449 435 1490 sua
461 1447 559 1489 secum
585 1425 737 1500 mulieres,
766 1415 846 1485 extra
876 1425 1046 1486 canonicam
1068 1424 1232 1500 licentiam,
1262 1424 1374 1484 babere

270 1521 503 1604 praesumpsepit,
523 1519 666 1578 honorem
686 1516 769 1578 simul
790 1529 820 1577 et
839 1517 1030 1579 hereditatem
1050 1509 1145 1598 privet
1164 1517 1317 1597 utriusque
1338 1520 1373 1578 ad

271 1625 400 1676 nostram
420 1611 624 1696 praesentiam.

507 1765 544 1818 Ut
561 1764 674 1818 Comites
699 1781 723 1819 et
741 1765 888 1820 Centenarii
905 1766 1010 1820 iustitias
1028 1767 1132 1821 iaciant.

325 1868 418 1928 XXV.
458 1863 499 1924 Ut
519 1865 650 1928 Comites
671 1878 701 1926 et
721 1865 894 1928 Centenarii
913 1887 1015 1927 omnes
1036 1869 1073 1928 ad
1097 1867 1237 1928 iustitiam
1256 1867 1369 1926 lacien-

269 1963 336 2023 dam
355 1958 549 2038 compellant,
575 1970 605 2018 et
630 1959 760 2022 iuniores
786 1959 858 2020 tales
878 1959 909 2020 in
929 1960 1097 2022 ministeriis
1115 1961 1173 2021 suis
1192 1960 1323 2020 babeant
1342 1960 1370 2018 in

272 2053 376 2134 quibus
396 2052 491 2113 securi
516 2051 665 2112 confidant
690 2052 757 2132 quia
782 2053 878 2133 legem
904 2062 992 2132 atque
1012 2051 1150 2114 iustitiam
1170 2051 1297 2114 fideliter
1317 2053 1370 2112 ob-

270 2155 403 2220 servent,
431 2165 575 2226 pauperes
594 2165 779 2224 nequaquam
799 2145 983 2226 oppriment,
1003 2147 1098 2223 tures,
1116 2148 1322 2225 latronesque,
1343 2158 1371 2205 et

235 2305 241 2320 ι
269 2235 441 2312 homicidas,
461 2237 627 2314 adulteros,
646 2237 917 2318 maleficos„atque
937 2239 1150 2316 incantatores,
1169 2239 1214 2302 vel
1233 2239 1371 2320 auguria-

268 2330 371 2407 trices,
401 2349 560 2410 omnesque
585 2331 743 2413 sacrilegos
763 2331 842 2391 nulla
863 2332 1031 2393 adulatione
1055 2333 1102 2395 vel
1122 2331 1249 2414 praemio
1269 2331 1370 2392 nullo-

270 2445 326 2504 que
342 2423 395 2486 sub
415 2423 558 2506 tegimine
584 2424 678 2484 celare
705 2424 846 2500 audeant,
870 2425 922 2486 sed
941 2426 1032 2509 magis
1052 2427 1193 2507 prodere,
1217 2436 1251 2489 ut
1270 2416 1368 2486 emen-

270 2518 375 2577 dentur
395 2527 425 2576 et
444 2516 621 2596 castigentur
644 2517 803 2578 secundum
824 2518 937 2602 legem,
963 2531 996 2580 ut
1014 2521 1081 2581 Deo
1108 2517 1253 2602 largiente
1273 2520 1369 2579 omnia

218 2665 220 2676 ,
268 2609 340 2670 haec
360 2607 435 2670 mala
455 2627 471 2667 a
492 2606 661 2670 Christiano
682 2609 795 2690 populo
815 2612 994 2672 auferantur.

543 2761 579 2814 Ut
596 2763 696 2817 ludices
715 2764 830 2818 iudicent
846 2767 988 2820 secundum
1005 2769 1094 2834 legem.

327 2859 434 2920 XXVI.
473 2863 516 2921 Ut
535 2861 650 2922 Iudices
670 2864 829 2924 secundum
848 2865 984 2946 scriptam
1004 2867 1101 2952 legem
1124 2869 1200 2929 iuste
1226 2867 1365 2942 iudicent,

270 2961 338 3030 non‘¹
351 2955 509 3016 secundum
529 2953 682 3015 arbitrium
702 2977 793 3016 sunm.
818 3003 820 3012 .
921 2979 923 2986 ·

696 3111 738 3164 De
759 3113 937 3184 hospitalitate.

325 3208 449 3270 XXVII.
488 3209 744 3290 Praecipimusque
763 3214 846 3272 utin
868 3214 948 3274 omni
964 3234 1059 3298 regno
1073 3227 1187 3294 nostro,
1207 3237 1304 3298 neque
1323 3217 1365 3278 di-

268 3321 317 3362 ves
337 3322 433 3381 neque
453 3322 576 3383 pauper,
595 3303 762 3386 peregrinis
782 3306 908 3387 hospitia
935 3308 1081 3391 denegare
1101 3310 1243 3386 audeant,
1264 3311 1365 3388 idest,

268 3391 329 3450 sive
348 3395 511 3473 peregrinis
530 3407 655 3476 propter
673 3397 771 3459 Deum
790 3398 1004 3463 ambulantibus
1016 3389 1070 3484 per
1086 3412 1205 3479 terram,
1225 3403 1286 3465 sive
1305 3405 1365 3465 cui-

267 3480 342 3541 libet
369 3481 487 3542 iteranti
518 3497 641 3564 propter
666 3509 795 3552 amorem
819 3493 879 3554 Dei
904 3506 934 3555 et
958 3506 1082 3578 propter
1105 3495 1228 3557 salutem
1254 3497 1365 3558 animae

267 3593 355 3649 suae,
371 3580 480 3636 tectum
501 3585 530 3635 et
549 3576 648 3636 locum
669 3592 698 3639 et
717 3602 935 3661 aqnam'nemo
961 3587 1005 3647 illi
1035 3588 1170 3672 deneget
1218 3589 1252 3650 Si
1272 3601 1365 3650 autem

239 3717 244 3734 ,
267 3665 389 3746 amplius
410 3669 450 3728 eis
470 3668 571 3749 aliquis
591 3669 664 3728 boni
683 3671 780 3732 lacere
799 3678 944 3756 voluerit,
971 3681 1075 3745 aDeo
1095 3684 1151 3744 sibi
1170 3673 1267 3744 sciant
1281 3683 1364 3744 retri-

166 3849 171 3856 1
266 3758 418 3820 butionem
439 3763 588 3842 optimam,
607 3773 640 3824 ut
659 3763 721 3844 ipse
742 3767 823 3828 dixit:
847 3771 905 3854 (tat
924 3787 1018 3835 autem
1035 3780 1188 3853 susceperit
1199 3797 1364 3853 tmumpoer·

265 3850 360 3912 vudum
377 3867 500 3929 propter
522 3879 580 3936 nte,
605 3862 799 3938 matwoipa't.
846 3865 886 3924 Et
910 3864 992 3926 alibi:
1032 3869 1152 3947 Hospes
1168 3872 1240 3954 fiad,
1270 3883 1297 3931 rt
1316 3891 1363 3930 su·

264 3949 390 4024 trepidis
409 3969 462 4006 nae.
527 4019 531 4029 ἱ
737 3971 743 3986 ’
791 3975 799 3984 ·
913 3968 936 4000 -“

332 4099 419 4172 Quam
441 4098 630 4173 providentiam
650 4107 763 4164 Comiter
788 4126 813 4164 et
830 4111 977 4168 Centenarii
994 4086 1090 4170 babere
1113 4119 1224 4172 debeant
1240 4136 1299 4184 ersa

660 4225 664 4232 ·
681 4193 775 4250 Missos
793 4197 946 4252 dominicos.

320 4283 460 4357 XXVIII.
498 4288 546 4348 De
566 4288 763 4372 legationibus
790 4318 806 4357 a
825 4298 946 4360 Domno
973 4301 1158 4382 imperatore
1178 4304 1361 4366 venientibus

263 4371 356 4433 Missis
377 4377 502 4457 directis,
522 4393 553 4442 ut
575 4381 707 4446 Comites
729 4398 758 4447 et
779 4387 950 4454 Centenarii
971 4395 1162 4474 praevideant
1182 4400 1263 4460 omni
1283 4398 1360 4465 solli-

1216 4505 1221 4532 l
