<?xml version="1.0" encoding="UTF-8"?>
<!DOCTYPE html PUBLIC "-//W3C//DTD XHTML 1.0 Transitional//EN"
    "http://www.w3.org/TR/xhtml1/DTD/xhtml1-transitional.dtd">
<html xmlns="http://www.w3.org/1999/xhtml" xml:lang="en" lang="en">
 <head>
  <title>
</title>
<meta http-equiv="Content-Type" content="text/html;charset=utf-8" />
  <meta name='ocr-system' content='tesseract 3.04.00' />
  <meta name='ocr-capabilities' content='ocr_page ocr_carea ocr_par ocr_line ocrx_word'/>
</head>
<body>
  <div class='ocr_page' id='page_1' title='image "./lebenundwandelk00egingoog_0318.png"; bbox 0 0 2900 5086; ppageno 0'>
   <div class='ocr_carea' id='block_1_1' title="bbox 844 437 974 506">
    <p class='ocr_par' dir='ltr' id='par_1_1' title="bbox 844 437 974 506">
     <span class='ocr_line' id='line_1_1' title="bbox 906 445 909 460; baseline 0 0"><span class='ocrx_word' id='word_1_1' title='bbox 906 445 909 460; x_wconf 95' lang='lat' dir='ltr'><strong>l</strong></span> 
     </span>
     <span class='ocr_line' id='line_1_2' title="bbox 844 437 974 506; baseline 0 -10"><span class='ocrx_word' id='word_1_2' title='bbox 844 437 873 506; x_wconf 68' lang='grc' dir='ltr'><strong><em>Δ</em></strong></span> <span class='ocrx_word' id='word_1_3' title='bbox 970 487 974 496; x_wconf 87' lang='grc'><strong>,</strong></span> 
     </span>
    </p>
   </div>
   <div class='ocr_carea' id='block_1_2' title="bbox 282 594 1437 2544">
    <p class='ocr_par' dir='ltr' id='par_1_2' title="bbox 282 594 1437 1244">
     <span class='ocr_line' id='line_1_3' title="bbox 345 594 1398 682; baseline -0.009 -17"><span class='ocrx_word' id='word_1_4' title='bbox 345 602 377 682; x_wconf 78' lang='lat'><strong>⁵)</strong></span> <span class='ocrx_word' id='word_1_5' title='bbox 394 597 646 666; x_wconf 81' lang='lat' dir='ltr'><strong>Archimandritae</strong></span> <span class='ocrx_word' id='word_1_6' title='bbox 665 599 737 662; x_wconf 88' lang='lat' dir='ltr'><strong>olim</strong></span> <span class='ocrx_word' id='word_1_7' title='bbox 756 599 835 682; x_wconf 91' lang='lat' dir='ltr'><strong>apud</strong></span> <span class='ocrx_word' id='word_1_8' title='bbox 854 599 986 662; x_wconf 82' lang='lat' dir='ltr'><strong>Graecm</strong></span> <span class='ocrx_word' id='word_1_9' title='bbox 1005 595 1229 680; x_wconf 83' lang='lat' dir='ltr'><strong>appellabantur</strong></span> <span class='ocrx_word' id='word_1_10' title='bbox 1245 594 1398 657; x_wconf 78' lang='lat' dir='ltr'><strong>Abbates</strong></span> 
     </span>
     <span class='ocr_line' id='line_1_4' title="bbox 282 688 1436 779; baseline -0.007 -21"><span class='ocrx_word' id='word_1_11' title='bbox 282 693 446 779; x_wconf 74' lang='lat' dir='ltr'>generales,</span> <span class='ocrx_word' id='word_1_12' title='bbox 464 715 517 757; x_wconf 86' lang='lat' dir='ltr'><strong>reu</strong></span> <span class='ocrx_word' id='word_1_13' title='bbox 535 693 688 774; x_wconf 75' lang='lat' dir='ltr'>Principes</span> <span class='ocrx_word' id='word_1_14' title='bbox 706 692 934 769; x_wconf 87' lang='lat' dir='ltr'><strong>monachorum,</strong></span> <span class='ocrx_word' id='word_1_15' title='bbox 953 693 1035 772; x_wconf 90' lang='lat' dir='ltr'><strong>quod</strong></span> <span class='ocrx_word' id='word_1_16' title='bbox 1052 711 1162 752; x_wconf 88' lang='lat' dir='ltr'><strong>nornen</strong></span> <span class='ocrx_word' id='word_1_17' title='bbox 1183 689 1253 750; x_wconf 85' lang='lat' dir='ltr'><strong>dein</strong></span> <span class='ocrx_word' id='word_1_18' title='bbox 1273 688 1398 749; x_wconf 82' lang='lat' dir='ltr'><strong>Archi-</strong></span> <span class='ocrx_word' id='word_1_19' title='bbox 1435 700 1436 750; x_wconf 71' lang='lat'>1</span> 
     </span>
     <span class='ocr_line' id='line_1_5' title="bbox 284 781 1397 875; baseline -0.008 -25"><span class='ocrx_word' id='word_1_20' title='bbox 284 789 429 870; x_wconf 84' lang='lat' dir='ltr'><strong>episcopis</strong></span> <span class='ocrx_word' id='word_1_21' title='bbox 448 787 505 850; x_wconf 83' lang='lat' dir='ltr'><strong>luit</strong></span> <span class='ocrx_word' id='word_1_22' title='bbox 528 787 781 850; x_wconf 88' lang='lat' dir='ltr'><strong>communicatum.</strong></span> <span class='ocrx_word' id='word_1_23' title='bbox 818 785 1009 875; x_wconf 89' lang='lat' dir='ltr'><strong>Dagobertus</strong></span> <span class='ocrx_word' id='word_1_24' title='bbox 1027 785 1191 866; x_wconf 79' lang='lat' dir='ltr'><strong>Episcopus</strong></span> <span class='ocrx_word' id='word_1_25' title='bbox 1210 781 1397 842; x_wconf 74' lang='lat' dir='ltr'><strong>bituricen-</strong></span> 
     </span>
     <span class='ocr_line' id='line_1_6' title="bbox 283 874 1398 958; baseline -0.006 -16"><span class='ocrx_word' id='word_1_26' title='bbox 283 881 337 958; x_wconf 88' lang='lat' dir='ltr'><strong>sis,</strong></span> <span class='ocrx_word' id='word_1_27' title='bbox 355 883 387 942; x_wconf 89' lang='lat' dir='ltr'><strong>iu</strong></span> <span class='ocrx_word' id='word_1_28' title='bbox 407 881 505 942; x_wconf 88' lang='lat' dir='ltr'><strong>charta</strong></span> <span class='ocrx_word' id='word_1_29' title='bbox 525 879 594 940; x_wconf 86' lang='lat' dir='ltr'><strong>anni</strong></span> <span class='ocrx_word' id='word_1_30' title='bbox 612 887 679 947; x_wconf 86' lang='grc'><strong>999.</strong></span> <span class='ocrx_word' id='word_1_31' title='bbox 701 901 733 942; x_wconf 92' lang='lat' dir='ltr'><strong>se</strong></span> <span class='ocrx_word' id='word_1_32' title='bbox 751 880 943 940; x_wconf 71' lang='lat' dir='ltr'><strong>Bitusiosstsr&#39;s</strong></span> <span class='ocrx_word' id='word_1_33' title='bbox 955 879 1094 954; x_wconf 61' lang='lat' dir='ltr'><strong>vecclcsiae</strong></span> <span class='ocrx_word' id='word_1_34' title='bbox 1110 874 1398 938; x_wconf 68' lang='lat' dir='ltr'><strong>Amttmandrtram</strong></span> 
     </span>
     <span class='ocr_line' id='line_1_7' title="bbox 282 969 1437 1052; baseline -0.004 -18"><span class='ocrx_word' id='word_1_35' title='bbox 282 975 426 1036; x_wconf 77' lang='lat' dir='ltr'><strong>inscribit.</strong></span> <span class='ocrx_word' id='word_1_36' title='bbox 470 974 507 1032; x_wconf 95' lang='lat' dir='ltr'><strong>in</strong></span> <span class='ocrx_word' id='word_1_37' title='bbox 531 972 693 1038; x_wconf 85' lang='lat' dir='ltr'><strong>Tabulario</strong></span> <span class='ocrx_word' id='word_1_38' title='bbox 718 973 858 1036; x_wconf 87' lang='lat' dir='ltr'><strong>eeclesiae</strong></span> <span class='ocrx_word' id='word_1_39' title='bbox 884 970 1179 1052; x_wconf 88' lang='lat' dir='ltr'><strong>Gratianopolitanae</strong></span> <span class='ocrx_word' id='word_1_40' title='bbox 1205 969 1396 1050; x_wconf 59' lang='lat' dir='ltr'><strong>(ammoto)</strong></span> <span class='ocrx_word' id='word_1_41' title='bbox 1436 1006 1437 1052; x_wconf 69' lang='lat'><strong>,</strong></span> 
     </span>
     <span class='ocr_line' id='line_1_8' title="bbox 282 1062 1395 1150; baseline -0.007 -18"><span class='ocrx_word' id='word_1_42' title='bbox 282 1067 459 1132; x_wconf 80' lang='lat' dir='ltr'><strong>Amblardus</strong></span> <span class='ocrx_word' id='word_1_43' title='bbox 478 1066 681 1150; x_wconf 73' lang='lat' dir='ltr'><strong>Lugdunensis</strong></span> <span class='ocrx_word' id='word_1_44' title='bbox 699 1063 935 1128; x_wconf 78' lang='lat' dir='ltr'><strong>Archimandrita</strong></span> <span class='ocrx_word' id='word_1_45' title='bbox 961 1064 1075 1124; x_wconf 90' lang='lat' dir='ltr'><strong>dicitur.</strong></span> <span class='ocrx_word' id='word_1_46' title='bbox 1112 1062 1180 1124; x_wconf 75' lang='lat' dir='ltr'><strong>Alia</strong></span> <span class='ocrx_word' id='word_1_47' title='bbox 1198 1063 1265 1126; x_wconf 83' lang='lat' dir='ltr'><strong>vide</strong></span> <span class='ocrx_word' id='word_1_48' title='bbox 1286 1081 1395 1124; x_wconf 83' lang='lat' dir='ltr'><strong>exenn-</strong></span> 
     </span>
     <span class='ocr_line' id='line_1_9' title="bbox 283 1157 1202 1244; baseline 0.001 -24"><span class='ocrx_word' id='word_1_49' title='bbox 283 1161 334 1242; x_wconf 87' lang='lat' dir='ltr'><strong>pla</strong></span> <span class='ocrx_word' id='word_1_50' title='bbox 353 1159 517 1240; x_wconf 64' lang='lat' dir='ltr'><strong>quaeritat</strong></span> <span class='ocrx_word' id='word_1_51' title='bbox 536 1157 676 1244; x_wconf 83' lang='lat' dir='ltr'><strong>Cangius,</strong></span> <span class='ocrx_word' id='word_1_52' title='bbox 694 1162 725 1222; x_wconf 93' lang='lat' dir='ltr'><strong>in</strong></span> <span class='ocrx_word' id='word_1_53' title='bbox 748 1159 916 1234; x_wconf 65' lang='lat' dir='ltr'><strong>uturum,</strong></span> <span class='ocrx_word' id='word_1_54' title='bbox 934 1157 1022 1218; x_wconf 89' lang='lat' dir='ltr'><strong>Tum.</strong></span> <span class='ocrx_word' id='word_1_55' title='bbox 1041 1158 1067 1233; x_wconf 93' lang='lat' dir='ltr'><strong>I,</strong></span> <span class='ocrx_word' id='word_1_56' title='bbox 1087 1179 1116 1239; x_wconf 86' lang='lat' dir='ltr'><strong>p·</strong></span> <span class='ocrx_word' id='word_1_57' title='bbox 1136 1163 1202 1224; x_wconf 75' lang='grc'><strong>667.</strong></span> 
     </span>
    </p>

    <p class='ocr_par' dir='ltr' id='par_1_3' title="bbox 284 1248 1394 2544">
     <span class='ocr_line' id='line_1_10' title="bbox 345 1248 1394 1334; baseline -0.008 -20"><span class='ocrx_word' id='word_1_58' title='bbox 345 1255 378 1334; x_wconf 79' lang='lat'><strong>⁰)</strong></span> <span class='ocrx_word' id='word_1_59' title='bbox 398 1254 480 1316; x_wconf 85' lang='lat' dir='ltr'><strong>Haec</strong></span> <span class='ocrx_word' id='word_1_60' title='bbox 499 1255 579 1314; x_wconf 88' lang='lat' dir='ltr'><strong>inter</strong></span> <span class='ocrx_word' id='word_1_61' title='bbox 599 1254 721 1316; x_wconf 87' lang='lat' dir='ltr'><strong>Chartas</strong></span> <span class='ocrx_word' id='word_1_62' title='bbox 739 1253 880 1315; x_wconf 83' lang='lat' dir='ltr'><strong>Alsaticas</strong></span> <span class='ocrx_word' id='word_1_63' title='bbox 900 1253 993 1334; x_wconf 87' lang='lat' dir='ltr'><strong>prima</strong></span> <span class='ocrx_word' id='word_1_64' title='bbox 1012 1261 1073 1327; x_wconf 89' lang='lat' dir='ltr'><strong>est,</strong></span> <span class='ocrx_word' id='word_1_65' title='bbox 1099 1271 1173 1332; x_wconf 89' lang='lat' dir='ltr'><strong>quae</strong></span> <span class='ocrx_word' id='word_1_66' title='bbox 1192 1249 1284 1309; x_wconf 91' lang='lat' dir='ltr'><strong>hahet</strong></span> <span class='ocrx_word' id='word_1_67' title='bbox 1302 1248 1394 1307; x_wconf 91' lang='lat' dir='ltr'><strong>Indi-</strong></span> 
     </span>
     <span class='ocr_line' id='line_1_11' title="bbox 285 1341 1392 1426; baseline -0.008 -17"><span class='ocrx_word' id='word_1_68' title='bbox 285 1348 415 1409; x_wconf 88' lang='lat' dir='ltr'><strong>ctiunem</strong></span> <span class='ocrx_word' id='word_1_69' title='bbox 439 1359 470 1409; x_wconf 90' lang='lat' dir='ltr'><strong>et</strong></span> <span class='ocrx_word' id='word_1_70' title='bbox 494 1367 602 1408; x_wconf 92' lang='lat' dir='ltr'><strong>anuum</strong></span> <span class='ocrx_word' id='word_1_71' title='bbox 627 1347 851 1408; x_wconf 88' lang='lat' dir='ltr'><strong>incarnationis.</strong></span> <span class='ocrx_word' id='word_1_72' title='bbox 889 1344 1110 1426; x_wconf 88' lang='lat' dir='ltr'><strong>Papebrochius</strong></span> <span class='ocrx_word' id='word_1_73' title='bbox 1129 1356 1159 1404; x_wconf 88' lang='lat' dir='ltr'><strong>et</strong></span> <span class='ocrx_word' id='word_1_74' title='bbox 1177 1343 1227 1403; x_wconf 91' lang='lat' dir='ltr'><strong>alii</strong></span> <span class='ocrx_word' id='word_1_75' title='bbox 1245 1343 1297 1404; x_wconf 87' lang='lat' dir='ltr'><strong>vei</strong></span> <span class='ocrx_word' id='word_1_76' title='bbox 1315 1341 1392 1402; x_wconf 83' lang='lat' dir='ltr'><strong>falsa</strong></span> 
     </span>
     <span class='ocr_line' id='line_1_12' title="bbox 284 1439 1390 1522; baseline -0.01 -18"><span class='ocrx_word' id='word_1_77' title='bbox 284 1440 332 1504; x_wconf 82' lang='lat' dir='ltr'><strong>vei</strong></span> <span class='ocrx_word' id='word_1_78' title='bbox 351 1441 529 1522; x_wconf 85' lang='lat' dir='ltr'><strong>interpolata</strong></span> <span class='ocrx_word' id='word_1_79' title='bbox 548 1439 726 1501; x_wconf 88' lang='lat' dir='ltr'><strong>arbitrantur</strong></span> <span class='ocrx_word' id='word_1_80' title='bbox 751 1441 849 1501; x_wconf 90' lang='lat' dir='ltr'><strong>omnia</strong></span> <span class='ocrx_word' id='word_1_81' title='bbox 874 1439 1049 1519; x_wconf 75' lang='lat' dir='ltr'><strong>diplomata,</strong></span> <span class='ocrx_word' id='word_1_82' title='bbox 1081 1460 1157 1518; x_wconf 88' lang='lat' dir='ltr'><strong>quae</strong></span> <span class='ocrx_word' id='word_1_83' title='bbox 1180 1448 1248 1498; x_wconf 87' lang='lat' dir='ltr'><strong>ante</strong></span> <span class='ocrx_word' id='word_1_84' title='bbox 1275 1457 1390 1496; x_wconf 89' lang='lat' dir='ltr'><strong>annum</strong></span> 
     </span>
     <span class='ocr_line' id='line_1_13' title="bbox 284 1529 1389 1612; baseline -0.011 -14"><span class='ocrx_word' id='word_1_85' title='bbox 284 1532 410 1598; x_wconf 86' lang='lat' dir='ltr'>DCCC.</span> <span class='ocrx_word' id='word_1_86' title='bbox 430 1553 527 1596; x_wconf 88' lang='lat' dir='ltr'><strong>acram</strong></span> <span class='ocrx_word' id='word_1_87' title='bbox 546 1532 730 1594; x_wconf 81' lang='lat' dir='ltr'><strong>christianam</strong></span> <span class='ocrx_word' id='word_1_88' title='bbox 750 1545 781 1594; x_wconf 90' lang='lat' dir='ltr'><strong>et</strong></span> <span class='ocrx_word' id='word_1_89' title='bbox 800 1532 996 1594; x_wconf 86' lang='lat' dir='ltr'><strong>Indictionem</strong></span> <span class='ocrx_word' id='word_1_90' title='bbox 1016 1551 1087 1612; x_wconf 88' lang='lat' dir='ltr'><strong>prae</strong></span> <span class='ocrx_word' id='word_1_91' title='bbox 1106 1552 1138 1594; x_wconf 90' lang='lat' dir='ltr'><strong>se</strong></span> <span class='ocrx_word' id='word_1_92' title='bbox 1157 1532 1266 1592; x_wconf 82' lang='lat' dir='ltr'><strong>terunt</strong></span> <span class='ocrx_word' id='word_1_93' title='bbox 1299 1529 1389 1604; x_wconf 86' lang='lat' dir='ltr'><strong>„Hac</strong></span> 
     </span>
     <span class='ocr_line' id='line_1_14' title="bbox 285 1621 1388 1706; baseline -0.005 -19"><span class='ocrx_word' id='word_1_94' title='bbox 285 1632 422 1702; x_wconf 82' lang='lat' dir='ltr'><strong>aetate,“</strong></span> <span class='ocrx_word' id='word_1_95' title='bbox 441 1625 539 1706; x_wconf 90' lang='lat' dir='ltr'><strong>inquit</strong></span> <span class='ocrx_word' id='word_1_96' title='bbox 556 1622 730 1702; x_wconf 77' lang='lat' dir='ltr'><strong>Eokbort,</strong></span> <span class='ocrx_word' id='word_1_97' title='bbox 758 1625 948 1687; x_wconf 72' lang='lat' dir='ltr'><strong>Commotus.</strong></span> <span class='ocrx_word' id='word_1_98' title='bbox 974 1624 1011 1686; x_wconf 83' lang='lat' dir='ltr'><strong>ds</strong></span> <span class='ocrx_word' id='word_1_99' title='bbox 1033 1623 1091 1685; x_wconf 80' lang='lat' dir='ltr'><strong>reb.</strong></span> <span class='ocrx_word' id='word_1_100' title='bbox 1110 1625 1221 1684; x_wconf 79' lang='lat' dir='ltr'><strong>Frmso.</strong></span> <span class='ocrx_word' id='word_1_101' title='bbox 1240 1621 1388 1698; x_wconf 72' lang='lat' dir='ltr'><strong>osimol,</strong></span> 
     </span>
     <span class='ocr_line' id='line_1_15' title="bbox 286 1714 1389 1800; baseline -0.004 -20"><span class='ocrx_word' id='word_1_102' title='bbox 286 1719 374 1781; x_wconf 89' lang='lat' dir='ltr'><strong>Tum.</strong></span> <span class='ocrx_word' id='word_1_103' title='bbox 394 1720 437 1794; x_wconf 87' lang='lat' dir='ltr'><strong>II,</strong></span> <span class='ocrx_word' id='word_1_104' title='bbox 455 1740 485 1800; x_wconf 92' lang='lat' dir='ltr'><strong>p.</strong></span> <span class='ocrx_word' id='word_1_105' title='bbox 504 1725 558 1794; x_wconf 79' lang='lat'><strong>28,</strong></span> <span class='ocrx_word' id='word_1_106' title='bbox 583 1731 690 1794; x_wconf 89' lang='lat' dir='ltr'><strong>„certa</strong></span> <span class='ocrx_word' id='word_1_107' title='bbox 709 1719 792 1780; x_wconf 91' lang='lat' dir='ltr'><strong>sedet</strong></span> <span class='ocrx_word' id='word_1_108' title='bbox 810 1719 972 1795; x_wconf 86' lang='lat' dir='ltr'><strong>sententia,</strong></span> <span class='ocrx_word' id='word_1_109' title='bbox 990 1739 1099 1780; x_wconf 88' lang='lat' dir='ltr'><strong>annum</strong></span> <span class='ocrx_word' id='word_1_110' title='bbox 1118 1714 1336 1778; x_wconf 77' lang='lat' dir='ltr'><strong>incarnationis</strong></span> <span class='ocrx_word' id='word_1_111' title='bbox 1356 1715 1389 1776; x_wconf 88' lang='lat' dir='ltr'><strong>in</strong></span> 
     </span>
     <span class='ocr_line' id='line_1_16' title="bbox 285 1807 1388 1893; baseline -0.005 -20"><span class='ocrx_word' id='word_1_112' title='bbox 285 1812 388 1893; x_wconf 81' lang='lat' dir='ltr'><strong>probis</strong></span> <span class='ocrx_word' id='word_1_113' title='bbox 414 1811 516 1874; x_wconf 89' lang='lat' dir='ltr'><strong>Caroli</strong></span> <span class='ocrx_word' id='word_1_114' title='bbox 539 1811 645 1874; x_wconf 89' lang='lat' dir='ltr'><strong>chartis</strong></span> <span class='ocrx_word' id='word_1_115' title='bbox 671 1831 733 1871; x_wconf 91' lang='lat' dir='ltr'><strong>non</strong></span> <span class='ocrx_word' id='word_1_116' title='bbox 758 1811 920 1872; x_wconf 84' lang='lat' dir='ltr'><strong>inveniri.“</strong></span> <span class='ocrx_word' id='word_1_117' title='bbox 972 1813 1058 1886; x_wconf 88' lang='lat' dir='ltr'><strong>Quos</strong></span> <span class='ocrx_word' id='word_1_118' title='bbox 1087 1831 1189 1872; x_wconf 90' lang='lat' dir='ltr'><strong>omncs</strong></span> <span class='ocrx_word' id='word_1_119' title='bbox 1218 1811 1277 1870; x_wconf 90' lang='lat' dir='ltr'><strong>iam</strong></span> <span class='ocrx_word' id='word_1_120' title='bbox 1304 1807 1388 1869; x_wconf 87' lang='lat' dir='ltr'><strong>refu-</strong></span> 
     </span>
     <span class='ocr_line' id='line_1_17' title="bbox 287 1901 1389 1987; baseline -0.005 -21"><span class='ocrx_word' id='word_1_121' title='bbox 287 1905 359 1968; x_wconf 84' lang='lat' dir='ltr'><strong>tavit</strong></span> <span class='ocrx_word' id='word_1_122' title='bbox 378 1905 550 1967; x_wconf 83' lang='lat' dir='ltr'><strong>Schatenus.</strong></span> <span class='ocrx_word' id='word_1_123' title='bbox 587 1906 695 1966; x_wconf 82' lang='lat' dir='ltr'><strong>Accam</strong></span> <span class='ocrx_word' id='word_1_124' title='bbox 713 1905 925 1987; x_wconf 86' lang='lat' dir='ltr'><strong>Dionysianam</strong></span> <span class='ocrx_word' id='word_1_125' title='bbox 949 1907 1028 1966; x_wconf 82' lang='lat' dir='ltr'><strong>anno</strong></span> <span class='ocrx_word' id='word_1_126' title='bbox 1047 1904 1217 1965; x_wconf 84' lang='lat' dir='ltr'>DXXXIII.</span> <span class='ocrx_word' id='word_1_127' title='bbox 1238 1901 1389 1981; x_wconf 86' lang='lat' dir='ltr'><strong>composi-</strong></span> 
     </span>
     <span class='ocr_line' id='line_1_18' title="bbox 286 1987 1388 2079; baseline -0.005 -21"><span class='ocrx_word' id='word_1_128' title='bbox 286 2007 347 2058; x_wconf 89' lang='lat' dir='ltr'><strong>tam</strong></span> <span class='ocrx_word' id='word_1_129' title='bbox 366 2019 429 2060; x_wconf 87' lang='lat' dir='ltr'><strong>non</strong></span> <span class='ocrx_word' id='word_1_130' title='bbox 448 1999 545 2060; x_wconf 88' lang='lat' dir='ltr'><strong>statim</strong></span> <span class='ocrx_word' id='word_1_131' title='bbox 564 1999 596 2056; x_wconf 91' lang='lat' dir='ltr'><strong>in</strong></span> <span class='ocrx_word' id='word_1_132' title='bbox 615 1997 721 2058; x_wconf 89' lang='lat' dir='ltr'><strong>chartis</strong></span> <span class='ocrx_word' id='word_1_133' title='bbox 740 1999 891 2060; x_wconf 86' lang='lat' dir='ltr'><strong>admissam</strong></span> <span class='ocrx_word' id='word_1_134' title='bbox 911 1998 1015 2075; x_wconf 79' lang='lat' dir='ltr'><strong>fuisse,</strong></span> <span class='ocrx_word' id='word_1_135' title='bbox 1042 1999 1094 2059; x_wconf 91' lang='lat' dir='ltr'><strong>sed</strong></span> <span class='ocrx_word' id='word_1_136' title='bbox 1113 1998 1204 2079; x_wconf 90' lang='lat' dir='ltr'><strong>longe</strong></span> <span class='ocrx_word' id='word_1_137' title='bbox 1223 1987 1292 2076; x_wconf 89' lang='lat' dir='ltr'><strong>post</strong></span> <span class='ocrx_word' id='word_1_138' title='bbox 1309 2007 1388 2054; x_wconf 88' lang='lat' dir='ltr'><strong>tem-</strong></span> 
     </span>
     <span class='ocr_line' id='line_1_19' title="bbox 287 2088 1388 2174; baseline -0.002 -24"><span class='ocrx_word' id='word_1_139' title='bbox 287 2111 363 2170; x_wconf 90' lang='lat' dir='ltr'><strong>pore</strong></span> <span class='ocrx_word' id='word_1_140' title='bbox 382 2092 579 2154; x_wconf 84' lang='lat' dir='ltr'><strong>introductam</strong></span> <span class='ocrx_word' id='word_1_141' title='bbox 598 2111 700 2152; x_wconf 90' lang='lat' dir='ltr'><strong>verum</strong></span> <span class='ocrx_word' id='word_1_142' title='bbox 720 2102 777 2152; x_wconf 87' lang='lat' dir='ltr'><strong>est:</strong></span> <span class='ocrx_word' id='word_1_143' title='bbox 797 2092 848 2152; x_wconf 91' lang='lat' dir='ltr'><strong>sed</strong></span> <span class='ocrx_word' id='word_1_144' title='bbox 868 2113 933 2152; x_wconf 90' lang='lat' dir='ltr'><strong>cnm</strong></span> <span class='ocrx_word' id='word_1_145' title='bbox 953 2091 1131 2174; x_wconf 86' lang='lat' dir='ltr'><strong>praefigatur</strong></span> <span class='ocrx_word' id='word_1_146' title='bbox 1144 2089 1288 2150; x_wconf 89' lang='lat' dir='ltr'><strong>Conciliis</strong></span> <span class='ocrx_word' id='word_1_147' title='bbox 1308 2088 1388 2149; x_wconf 91' lang='lat' dir='ltr'><strong>Ger-</strong></span> 
     </span>
     <span class='ocr_line' id='line_1_20' title="bbox 287 2181 1388 2264; baseline -0.003 -22"><span class='ocrx_word' id='word_1_148' title='bbox 287 2182 423 2257; x_wconf 84' lang='lat' dir='ltr'><strong>manico,</strong></span> <span class='ocrx_word' id='word_1_149' title='bbox 454 2183 627 2264; x_wconf 86' lang='lat' dir='ltr'><strong>Leptinensi</strong></span> <span class='ocrx_word' id='word_1_150' title='bbox 658 2195 689 2244; x_wconf 89' lang='lat' dir='ltr'><strong>et</strong></span> <span class='ocrx_word' id='word_1_151' title='bbox 721 2184 927 2246; x_wconf 81' lang='lat' dir='ltr'><strong>suessionensi</strong></span> <span class='ocrx_word' id='word_1_152' title='bbox 959 2206 1104 2246; x_wconf 90' lang='lat' dir='ltr'><strong>annorum</strong></span> <span class='ocrx_word' id='word_1_153' title='bbox 1127 2181 1321 2244; x_wconf 85' lang='lat' dir='ltr'>DCCXLIII.</span> <span class='ocrx_word' id='word_1_154' title='bbox 1356 2191 1388 2240; x_wconf 89' lang='lat' dir='ltr'><strong>et</strong></span> 
     </span>
     <span class='ocr_line' id='line_1_21' title="bbox 287 2273 1388 2358; baseline 0 -24"><span class='ocrx_word' id='word_1_155' title='bbox 287 2273 498 2350; x_wconf 64' lang='lat' dir='ltr'><strong>Dccxtlv„</strong></span> <span class='ocrx_word' id='word_1_156' title='bbox 530 2297 582 2337; x_wconf 95' lang='lat' dir='ltr'><strong>cur</strong></span> <span class='ocrx_word' id='word_1_157' title='bbox 611 2296 674 2338; x_wconf 91' lang='lat' dir='ltr'><strong>non</strong></span> <span class='ocrx_word' id='word_1_158' title='bbox 703 2277 801 2358; x_wconf 89' lang='lat' dir='ltr'><strong>potuit</strong></span> <span class='ocrx_word' id='word_1_159' title='bbox 825 2277 950 2340; x_wconf 85' lang='lat' dir='ltr'><strong>Carolus</strong></span> <span class='ocrx_word' id='word_1_160' title='bbox 977 2298 1041 2338; x_wconf 89' lang='lat' dir='ltr'><strong>eam</strong></span> <span class='ocrx_word' id='word_1_161' title='bbox 1065 2277 1097 2336; x_wconf 88' lang='lat' dir='ltr'><strong>in</strong></span> <span class='ocrx_word' id='word_1_162' title='bbox 1122 2276 1277 2356; x_wconf 86' lang='lat' dir='ltr'><strong>diplomate</strong></span> <span class='ocrx_word' id='word_1_163' title='bbox 1302 2295 1388 2334; x_wconf 90' lang='lat' dir='ltr'><strong>anno</strong></span> 
     </span>
     <span class='ocr_line' id='line_1_22' title="bbox 287 2366 1388 2434; baseline -0.001 -6"><span class='ocrx_word' id='word_1_164' title='bbox 287 2366 510 2434; x_wconf 85' lang='lat' dir='ltr'>DCCLXXIV.</span> <span class='ocrx_word' id='word_1_165' title='bbox 530 2367 690 2434; x_wconf 74' lang='lat' dir='ltr'><strong>adhiberet</strong></span> <span class='ocrx_word' id='word_1_166' title='bbox 727 2369 812 2430; x_wconf 89' lang='lat' dir='ltr'><strong>Illam</strong></span> <span class='ocrx_word' id='word_1_167' title='bbox 831 2391 911 2432; x_wconf 88' lang='lat' dir='ltr'><strong>annu</strong></span> <span class='ocrx_word' id='word_1_168' title='bbox 930 2369 1182 2432; x_wconf 87' lang='lat' dir='ltr'>DCCLXXXIII.</span> <span class='ocrx_word' id='word_1_169' title='bbox 1202 2367 1334 2429; x_wconf 85' lang='lat' dir='ltr'><strong>adhibuit</strong></span> <span class='ocrx_word' id='word_1_170' title='bbox 1356 2369 1388 2428; x_wconf 89' lang='lat' dir='ltr'><strong>in</strong></span> 
     </span>
     <span class='ocr_line' id='line_1_23' title="bbox 288 2457 1387 2544; baseline 0 -24"><span class='ocrx_word' id='word_1_171' title='bbox 288 2460 458 2526; x_wconf 90' lang='lat' dir='ltr'><strong>authentico</strong></span> <span class='ocrx_word' id='word_1_172' title='bbox 485 2461 644 2542; x_wconf 88' lang='lat' dir='ltr'><strong>diplomate</strong></span> <span class='ocrx_word' id='word_1_173' title='bbox 669 2481 726 2542; x_wconf 91' lang='lat' dir='ltr'><strong>pro</strong></span> <span class='ocrx_word' id='word_1_174' title='bbox 751 2464 879 2524; x_wconf 85' lang='lat' dir='ltr'><strong>Metensi</strong></span> <span class='ocrx_word' id='word_1_175' title='bbox 907 2463 939 2524; x_wconf 87' lang='lat' dir='ltr'><strong>S.</strong></span> <span class='ocrx_word' id='word_1_176' title='bbox 965 2461 1111 2544; x_wconf 80' lang='lat' dir='ltr'><strong>Arnulphi</strong></span> <span class='ocrx_word' id='word_1_177' title='bbox 1137 2457 1286 2524; x_wconf 86' lang='lat' dir='ltr'><strong>coenobio</strong></span> <span class='ocrx_word' id='word_1_178' title='bbox 1310 2462 1387 2543; x_wconf 92' lang='lat' dir='ltr'><strong>apud</strong></span> 
     </span>
    </p>
   </div>
   <div class='ocr_carea' id='block_1_3' title="bbox 288 2546 1388 2912">
    <p class='ocr_par' dir='ltr' id='par_1_4' title="bbox 288 2546 1388 2912">
     <span class='ocr_line' id='line_1_24' title="bbox 288 2546 1385 2638; baseline 0.001 -26"><span class='ocrx_word' id='word_1_179' title='bbox 288 2546 489 2632; x_wconf 81' lang='lat' dir='ltr'><strong>Meurisss,</strong></span> <span class='ocrx_word' id='word_1_180' title='bbox 513 2555 647 2616; x_wconf 80' lang='lat' dir='ltr'><strong>Histoire</strong></span> <span class='ocrx_word' id='word_1_181' title='bbox 665 2553 715 2618; x_wconf 78' lang='lat' dir='ltr'><strong>clas</strong></span> <span class='ocrx_word' id='word_1_182' title='bbox 733 2559 847 2638; x_wconf 71' lang='lat' dir='ltr'><strong>slve‘pm</strong></span> <span class='ocrx_word' id='word_1_183' title='bbox 865 2555 901 2618; x_wconf 83' lang='lat' dir='ltr'><strong>do</strong></span> <span class='ocrx_word' id='word_1_184' title='bbox 919 2555 1019 2632; x_wconf 70' lang='lat' dir='ltr'><strong>Mus,</strong></span> <span class='ocrx_word' id='word_1_185' title='bbox 1037 2575 1067 2638; x_wconf 83' lang='lat' dir='ltr'><strong>p·</strong></span> <span class='ocrx_word' id='word_1_186' title='bbox 1086 2561 1153 2622; x_wconf 79' lang='lat'><strong>179.</strong></span> <span class='ocrx_word' id='word_1_187' title='bbox 1191 2555 1385 2636; x_wconf 83' lang='lat' dir='ltr'><strong>(Boupuet,</strong></span> 
     </span>
     <span class='ocr_line' id='line_1_25' title="bbox 289 2646 1386 2730; baseline 0 -24"><span class='ocrx_word' id='word_1_188' title='bbox 289 2646 377 2707; x_wconf 87' lang='lat' dir='ltr'><strong>Tom.</strong></span> <span class='ocrx_word' id='word_1_189' title='bbox 397 2649 443 2724; x_wconf 85' lang='lat' dir='ltr'><strong>V,</strong></span> <span class='ocrx_word' id='word_1_190' title='bbox 462 2669 491 2730; x_wconf 79' lang='lat' dir='ltr'><strong>p.</strong></span> <span class='ocrx_word' id='word_1_191' title='bbox 511 2649 594 2728; x_wconf 81' lang='lat'><strong>748.)</strong></span> <span class='ocrx_word' id='word_1_192' title='bbox 638 2649 730 2724; x_wconf 88' lang='lat' dir='ltr'><strong>Quod</strong></span> <span class='ocrx_word' id='word_1_193' title='bbox 754 2651 841 2711; x_wconf 87' lang='lat' dir='ltr'><strong>etiarn</strong></span> <span class='ocrx_word' id='word_1_194' title='bbox 868 2651 904 2711; x_wconf 91' lang='lat' dir='ltr'><strong>de</strong></span> <span class='ocrx_word' id='word_1_195' title='bbox 928 2649 1091 2710; x_wconf 88' lang='lat' dir='ltr'><strong>indictione</strong></span> <span class='ocrx_word' id='word_1_196' title='bbox 1117 2647 1281 2708; x_wconf 90' lang='lat' dir='ltr'><strong>dicendum.</strong></span> <span class='ocrx_word' id='word_1_197' title='bbox 1317 2649 1386 2708; x_wconf 92' lang='lat' dir='ltr'><strong>Non</strong></span> 
     </span>
     <span class='ocr_line' id='line_1_26' title="bbox 288 2739 1386 2821; baseline 0.002 -23"><span class='ocrx_word' id='word_1_198' title='bbox 288 2739 380 2820; x_wconf 84' lang='lat' dir='ltr'><strong>igitur</strong></span> <span class='ocrx_word' id='word_1_199' title='bbox 403 2740 474 2802; x_wconf 85' lang='lat' dir='ltr'><strong>falsa</strong></span> <span class='ocrx_word' id='word_1_200' title='bbox 501 2743 559 2804; x_wconf 87' lang='lat' dir='ltr'><strong>dici</strong></span> <span class='ocrx_word' id='word_1_201' title='bbox 584 2753 684 2821; x_wconf 89' lang='lat' dir='ltr'><strong>potest</strong></span> <span class='ocrx_word' id='word_1_202' title='bbox 709 2743 823 2816; x_wconf 89' lang='lat' dir='ltr'><strong>charta,</strong></span> <span class='ocrx_word' id='word_1_203' title='bbox 853 2761 928 2818; x_wconf 89' lang='lat' dir='ltr'><strong>quae</strong></span> <span class='ocrx_word' id='word_1_204' title='bbox 953 2760 1060 2805; x_wconf 85' lang='lat' dir='ltr'><strong>novem</strong></span> <span class='ocrx_word' id='word_1_205' title='bbox 1085 2751 1152 2800; x_wconf 89' lang='lat' dir='ltr'><strong>ante</strong></span> <span class='ocrx_word' id='word_1_206' title='bbox 1170 2759 1267 2802; x_wconf 90' lang='lat' dir='ltr'><strong>annos</strong></span> <span class='ocrx_word' id='word_1_207' title='bbox 1287 2742 1386 2802; x_wconf 86' lang='lat' dir='ltr'><strong>iisdem</strong></span> 
     </span>
     <span class='ocr_line' id='line_1_27' title="bbox 289 2829 1388 2912; baseline 0.006 -25"><span class='ocrx_word' id='word_1_208' title='bbox 289 2829 424 2890; x_wconf 85' lang='lat' dir='ltr'><strong>formulis</strong></span> <span class='ocrx_word' id='word_1_209' title='bbox 448 2833 486 2889; x_wconf 90' lang='lat' dir='ltr'><strong>sit</strong></span> <span class='ocrx_word' id='word_1_210' title='bbox 510 2853 570 2891; x_wconf 89' lang='lat' dir='ltr'><strong>usa.</strong></span> <span class='ocrx_word' id='word_1_211' title='bbox 620 2834 736 2894; x_wconf 85' lang='lat' dir='ltr'><strong>Revera</strong></span> <span class='ocrx_word' id='word_1_212' title='bbox 762 2832 860 2892; x_wconf 89' lang='lat' dir='ltr'><strong>omnia</strong></span> <span class='ocrx_word' id='word_1_213' title='bbox 888 2832 951 2892; x_wconf 86' lang='lat' dir='ltr'><strong>sere</strong></span> <span class='ocrx_word' id='word_1_214' title='bbox 975 2831 1149 2912; x_wconf 86' lang='lat' dir='ltr'><strong>diplomata,</strong></span> <span class='ocrx_word' id='word_1_215' title='bbox 1182 2853 1258 2912; x_wconf 92' lang='lat' dir='ltr'><strong>quae</strong></span> <span class='ocrx_word' id='word_1_216' title='bbox 1283 2833 1388 2894; x_wconf 87' lang='lat' dir='ltr'><strong>adres</strong></span> 
     </span>
    </p>
   </div>
   <div class='ocr_carea' id='block_1_4' title="bbox 289 2921 1391 3096">
    <p class='ocr_par' dir='ltr' id='par_1_5' title="bbox 289 2921 1391 3096">
     <span class='ocr_line' id='line_1_28' title="bbox 289 2921 1389 3006; baseline 0.007 -26"><span class='ocrx_word' id='word_1_217' title='bbox 289 2921 534 2982; x_wconf 86' lang='lat' dir='ltr'><strong>monasteriorum</strong></span> <span class='ocrx_word' id='word_1_218' title='bbox 554 2923 791 3006; x_wconf 84' lang='lat' dir='ltr'><strong>privatarumque</strong></span> <span class='ocrx_word' id='word_1_219' title='bbox 811 2946 1002 3006; x_wconf 87' lang='lat' dir='ltr'><strong>personarum</strong></span> <span class='ocrx_word' id='word_1_220' title='bbox 1022 2927 1188 3006; x_wconf 87' lang='lat' dir='ltr'><strong>pertinent,</strong></span> <span class='ocrx_word' id='word_1_221' title='bbox 1211 2927 1242 2986; x_wconf 88' lang='lat' dir='ltr'><strong>in</strong></span> <span class='ocrx_word' id='word_1_222' title='bbox 1260 2929 1389 2988; x_wconf 90' lang='lat' dir='ltr'><strong>secunda</strong></span> 
     </span>
     <span class='ocr_line' id='line_1_29' title="bbox 289 3013 1391 3096; baseline 0.007 -22"><span class='ocrx_word' id='word_1_223' title='bbox 289 3013 405 3096; x_wconf 82' lang='lat' dir='ltr'><strong>Regum</strong></span> <span class='ocrx_word' id='word_1_224' title='bbox 424 3015 515 3096; x_wconf 88' lang='lat' dir='ltr'><strong>stirpe</strong></span> <span class='ocrx_word' id='word_1_225' title='bbox 535 3029 637 3077; x_wconf 91' lang='lat' dir='ltr'><strong>carent</strong></span> <span class='ocrx_word' id='word_1_226' title='bbox 656 3019 739 3080; x_wconf 89' lang='lat' dir='ltr'><strong>ahnis</strong></span> <span class='ocrx_word' id='word_1_227' title='bbox 759 3018 974 3080; x_wconf 87' lang='lat' dir='ltr'><strong>incarnationis</strong></span> <span class='ocrx_word' id='word_1_228' title='bbox 993 3030 1024 3080; x_wconf 90' lang='lat' dir='ltr'><strong>et</strong></span> <span class='ocrx_word' id='word_1_229' title='bbox 1042 3019 1224 3081; x_wconf 89' lang='lat' dir='ltr'><strong>Indictionis.</strong></span> <span class='ocrx_word' id='word_1_230' title='bbox 1254 3019 1312 3080; x_wconf 88' lang='lat' dir='ltr'><strong>Sed</strong></span> <span class='ocrx_word' id='word_1_231' title='bbox 1332 3042 1391 3082; x_wconf 87' lang='lat' dir='ltr'><strong>au-</strong></span> 
     </span>
    </p>
   </div>
   <div class='ocr_carea' id='block_1_5' title="bbox 189 3108 1388 4314">
    <p class='ocr_par' dir='ltr' id='par_1_6' title="bbox 225 3108 1388 3930">
     <span class='ocr_line' id='line_1_30' title="bbox 290 3108 1388 3192; baseline 0.005 -25"><span class='ocrx_word' id='word_1_232' title='bbox 290 3119 376 3168; x_wconf 87' lang='lat' dir='ltr'><strong>notat</strong></span> <span class='ocrx_word' id='word_1_233' title='bbox 394 3108 593 3186; x_wconf 79' lang='lat' dir='ltr'><strong>Mobillon,</strong></span> <span class='ocrx_word' id='word_1_234' title='bbox 612 3110 647 3172; x_wconf 82' lang='lat' dir='ltr'><strong>ds</strong></span> <span class='ocrx_word' id='word_1_235' title='bbox 664 3134 697 3172; x_wconf 78' lang='lat' dir='ltr'><strong>re</strong></span> <span class='ocrx_word' id='word_1_236' title='bbox 715 3111 915 3189; x_wconf 77' lang='lat' dir='ltr'><strong>diplomatico,</strong></span> <span class='ocrx_word' id='word_1_237' title='bbox 935 3133 964 3192; x_wconf 90' lang='lat' dir='ltr'><strong>p.</strong></span> <span class='ocrx_word' id='word_1_238' title='bbox 984 3118 1057 3188; x_wconf 84' lang='lat'><strong>189,</strong></span> <span class='ocrx_word' id='word_1_239' title='bbox 1075 3113 1227 3188; x_wconf 85' lang='lat' dir='ltr'><strong>nonnulla,</strong></span> <span class='ocrx_word' id='word_1_240' title='bbox 1247 3132 1317 3192; x_wconf 89' lang='lat' dir='ltr'><strong>quae</strong></span> <span class='ocrx_word' id='word_1_241' title='bbox 1338 3134 1388 3173; x_wconf 91' lang='lat' dir='ltr'><strong>so-</strong></span> 
     </span>
     <span class='ocr_line' id='line_1_31' title="bbox 239 3199 1388 3286; baseline 0.004 -25"><span class='ocrx_word' id='word_1_242' title='bbox 239 3209 241 3214; x_wconf 88' lang='lat'>&#39;</span> <span class='ocrx_word' id='word_1_243' title='bbox 290 3199 400 3262; x_wconf 89' lang='lat' dir='ltr'><strong>lemnia</strong></span> <span class='ocrx_word' id='word_1_244' title='bbox 419 3203 501 3264; x_wconf 84' lang='lat' dir='ltr'><strong>fuere</strong></span> <span class='ocrx_word' id='word_1_245' title='bbox 522 3215 552 3264; x_wconf 89' lang='lat' dir='ltr'><strong>ct</strong></span> <span class='ocrx_word' id='word_1_246' title='bbox 571 3203 722 3266; x_wconf 82' lang='lat' dir='ltr'><strong>ecclesium</strong></span> <span class='ocrx_word' id='word_1_247' title='bbox 741 3205 789 3266; x_wconf 86' lang='lat' dir='ltr'><strong>vel</strong></span> <span class='ocrx_word' id='word_1_248' title='bbox 808 3226 933 3286; x_wconf 88' lang='lat' dir='ltr'><strong>regnum</strong></span> <span class='ocrx_word' id='word_1_249' title='bbox 951 3204 1134 3284; x_wconf 84' lang='lat' dir='ltr'><strong>spectabant,</strong></span> <span class='ocrx_word' id='word_1_250' title='bbox 1153 3227 1220 3267; x_wconf 91' lang='lat' dir='ltr'><strong>cum</strong></span> <span class='ocrx_word' id='word_1_251' title='bbox 1236 3206 1388 3266; x_wconf 84' lang='lat' dir='ltr'><strong>annisRe-</strong></span> 
     </span>
     <span class='ocr_line' id='line_1_32' title="bbox 291 3297 1387 3376; baseline 0.004 -20"><span class='ocrx_word' id='word_1_252' title='bbox 291 3315 361 3376; x_wconf 90' lang='lat' dir='ltr'><strong>gum</strong></span> <span class='ocrx_word' id='word_1_253' title='bbox 381 3297 535 3365; x_wconf 86' lang='lat' dir='ltr'><strong>adiunctos</strong></span> <span class='ocrx_word' id='word_1_254' title='bbox 553 3297 661 3358; x_wconf 86' lang='lat' dir='ltr'><strong>habere</strong></span> <span class='ocrx_word' id='word_1_255' title='bbox 680 3297 896 3358; x_wconf 84' lang='lat' dir='ltr'><strong>iucarnationis</strong></span> <span class='ocrx_word' id='word_1_256' title='bbox 915 3319 1017 3358; x_wconf 90' lang='lat' dir='ltr'><strong>annos.</strong></span> <span class='ocrx_word' id='word_1_257' title='bbox 1055 3299 1139 3360; x_wconf 89' lang='lat' dir='ltr'><strong>Idem</strong></span> <span class='ocrx_word' id='word_1_258' title='bbox 1158 3300 1280 3360; x_wconf 85' lang='lat' dir='ltr'><strong>adnotat</strong></span> <span class='ocrx_word' id='word_1_259' title='bbox 1297 3298 1387 3360; x_wconf 85' lang='lat' dir='ltr'><strong>Bes-</strong></span> 
     </span>
     <span class='ocr_line' id='line_1_33' title="bbox 291 3381 1388 3472; baseline 0.005 -26"><span class='ocrx_word' id='word_1_260' title='bbox 291 3381 418 3464; x_wconf 76' lang='lat' dir='ltr'><strong>ssls&#39;u&#39;s‚</strong></span> <span class='ocrx_word' id='word_1_261' title='bbox 450 3388 586 3451; x_wconf 71' lang='lat' dir='ltr'><strong>chronici</strong></span> <span class='ocrx_word' id='word_1_262' title='bbox 613 3391 820 3468; x_wconf 60' lang='lat' dir='ltr'><strong>(isterciensis,</strong></span> <span class='ocrx_word' id='word_1_263' title='bbox 847 3391 933 3451; x_wconf 87' lang='lat' dir='ltr'><strong>Tum.</strong></span> <span class='ocrx_word' id='word_1_264' title='bbox 954 3393 986 3468; x_wconf 95' lang='grc' dir='ltr'><strong>Ι,</strong></span> <span class='ocrx_word' id='word_1_265' title='bbox 1009 3391 1127 3468; x_wconf 75' lang='lat' dir='ltr'><strong>lib.,11‚</strong></span> <span class='ocrx_word' id='word_1_266' title='bbox 1152 3413 1183 3472; x_wconf 91' lang='lat' dir='ltr'><strong>p.</strong></span> <span class='ocrx_word' id='word_1_267' title='bbox 1204 3398 1277 3466; x_wconf 85' lang='lat'><strong>133,</strong></span> <span class='ocrx_word' id='word_1_268' title='bbox 1300 3391 1388 3472; x_wconf 89' lang='lat' dir='ltr'><strong>idque</strong></span> 
     </span>
     <span class='ocr_line' id='line_1_34' title="bbox 225 3479 1387 3566; baseline 0.003 -28"><span class='ocrx_word' id='word_1_269' title='bbox 225 3481 227 3489; x_wconf 58' lang='lat'><strong>⁴</strong></span> <span class='ocrx_word' id='word_1_270' title='bbox 293 3479 370 3540; x_wconf 90' lang='lat' dir='ltr'><strong>clare</strong></span> <span class='ocrx_word' id='word_1_271' title='bbox 384 3483 539 3542; x_wconf 86' lang='lat' dir='ltr'><strong>enuntiant</strong></span> <span class='ocrx_word' id='word_1_272' title='bbox 551 3495 685 3544; x_wconf 88' lang='lat' dir='ltr'><strong>auctores</strong></span> <span class='ocrx_word' id='word_1_273' title='bbox 696 3483 793 3566; x_wconf 83' lang='lat' dir='ltr'><strong>gallici</strong></span> <span class='ocrx_word' id='word_1_274' title='bbox 805 3483 1387 3564; x_wconf 79' lang='lat' dir='ltr'><strong>novaeiliplomaticae,Tom.Vi,p.442:</strong></span> 
     </span>
     <span class='ocr_line' id='line_1_35' title="bbox 330 3573 1388 3659; baseline 0.008 -28"><span class='ocrx_word' id='word_1_275' title='bbox 330 3573 413 3648; x_wconf 87' lang='lat' dir='ltr'><strong>„Les</strong></span> <span class='ocrx_word' id='word_1_276' title='bbox 438 3573 581 3655; x_wconf 83' lang='lat' dir='ltr'><strong>dipldmes</strong></span> <span class='ocrx_word' id='word_1_277' title='bbox 613 3576 649 3636; x_wconf 90' lang='lat' dir='ltr'><strong>de</strong></span> <span class='ocrx_word' id='word_1_278' title='bbox 674 3574 890 3659; x_wconf 85' lang='lat' dir='ltr'><strong>Charlemagne</strong></span> <span class='ocrx_word' id='word_1_279' title='bbox 920 3577 1002 3638; x_wconf 73' lang='lat' dir='ltr'><strong>dates</strong></span> <span class='ocrx_word' id='word_1_280' title='bbox 1026 3578 1063 3638; x_wconf 92' lang='lat' dir='ltr'><strong>de</strong></span> <span class='ocrx_word' id='word_1_281' title='bbox 1087 3577 1260 3638; x_wconf 86' lang='lat' dir='ltr'><strong>l&#39;Indiction</strong></span> <span class='ocrx_word' id='word_1_282' title='bbox 1284 3588 1313 3638; x_wconf 90' lang='lat' dir='ltr'><strong>et</strong></span> <span class='ocrx_word' id='word_1_283' title='bbox 1339 3579 1388 3639; x_wconf 86' lang='lat' dir='ltr'><strong>des</strong></span> 
     </span>
     <span class='ocr_line' id='line_1_36' title="bbox 331 3665 1387 3752; baseline 0.008 -28"><span class='ocrx_word' id='word_1_284' title='bbox 331 3665 440 3731; x_wconf 70' lang='lat' dir='ltr'><strong>anates</strong></span> <span class='ocrx_word' id='word_1_285' title='bbox 471 3667 507 3728; x_wconf 87' lang='lat' dir='ltr'><strong>de</strong></span> <span class='ocrx_word' id='word_1_286' title='bbox 538 3668 769 3744; x_wconf 84' lang='lat' dir='ltr'><strong>l’Incarnation,</strong></span> <span class='ocrx_word' id='word_1_287' title='bbox 794 3681 880 3732; x_wconf 84' lang='lat' dir='ltr'><strong>avant</strong></span> <span class='ocrx_word' id='word_1_288' title='bbox 911 3682 942 3731; x_wconf 87' lang='lat' dir='ltr'><strong>et</strong></span> <span class='ocrx_word' id='word_1_289' title='bbox 971 3671 1073 3752; x_wconf 89' lang='lat' dir='ltr'><strong>depuis</strong></span> <span class='ocrx_word' id='word_1_290' title='bbox 1103 3670 1174 3752; x_wconf 85' lang='lat' dir='ltr'><strong>qu’il</strong></span> <span class='ocrx_word' id='word_1_291' title='bbox 1207 3671 1253 3730; x_wconf 84' lang='lat' dir='ltr'><strong>sut</strong></span> <span class='ocrx_word' id='word_1_292' title='bbox 1280 3671 1387 3751; x_wconf 86' lang='lat' dir='ltr'><strong>Empe-</strong></span> 
     </span>
     <span class='ocr_line' id='line_1_37' title="bbox 332 3761 1388 3842; baseline 0.009 -26"><span class='ocrx_word' id='word_1_293' title='bbox 332 3776 411 3833; x_wconf 88' lang='lat' dir='ltr'><strong>reur‚</strong></span> <span class='ocrx_word' id='word_1_294' title='bbox 430 3780 468 3820; x_wconf 89' lang='lat' dir='ltr'><strong>ne</strong></span> <span class='ocrx_word' id='word_1_295' title='bbox 489 3761 614 3823; x_wconf 89' lang='lat' dir='ltr'><strong>doivent</strong></span> <span class='ocrx_word' id='word_1_296' title='bbox 628 3761 718 3842; x_wconf 80' lang='lat' dir='ltr'><strong>point</strong></span> <span class='ocrx_word' id='word_1_297' title='bbox 736 3763 799 3824; x_wconf 77' lang='lat' dir='ltr'><strong>etro</strong></span> <span class='ocrx_word' id='word_1_298' title='bbox 818 3763 949 3842; x_wconf 73' lang='lat' dir='ltr'><strong>rejettis,</strong></span> <span class='ocrx_word' id='word_1_299' title='bbox 968 3763 1026 3826; x_wconf 86' lang='lat' dir='ltr'><strong>s’ils</strong></span> <span class='ocrx_word' id='word_1_300' title='bbox 1046 3763 1192 3826; x_wconf 82' lang='lat' dir='ltr'><strong>d’ailieurs</strong></span> <span class='ocrx_word' id='word_1_301' title='bbox 1211 3763 1247 3824; x_wconf 89' lang='lat' dir='ltr'><strong>iis</strong></span> <span class='ocrx_word' id='word_1_302' title='bbox 1266 3784 1304 3824; x_wconf 94' lang='lat' dir='ltr'><strong>ne</strong></span> <span class='ocrx_word' id='word_1_303' title='bbox 1321 3776 1388 3825; x_wconf 92' lang='lat' dir='ltr'><strong>sont</strong></span> 
     </span>
     <span class='ocr_line' id='line_1_38' title="bbox 330 3853 666 3930; baseline 0.021 -21"><span class='ocrx_word' id='word_1_304' title='bbox 330 3869 382 3930; x_wconf 90' lang='lat' dir='ltr'><strong>pas</strong></span> <span class='ocrx_word' id='word_1_305' title='bbox 402 3853 666 3930; x_wconf 77' lang='lat' dir='ltr'><strong>reprehensibles.“</strong></span> 
     </span>
    </p>

    <p class='ocr_par' dir='ltr' id='par_1_7' title="bbox 189 3943 1388 4218">
     <span class='ocr_line' id='line_1_39' title="bbox 212 3943 1388 4030; baseline 0.003 -26"><span class='ocrx_word' id='word_1_306' title='bbox 212 3961 219 3972; x_wconf 86' lang='lat'><em>·</em></span> <span class='ocrx_word' id='word_1_307' title='bbox 294 3943 447 4024; x_wconf 90' lang='lat' dir='ltr'><strong>Quidquid</strong></span> <span class='ocrx_word' id='word_1_308' title='bbox 465 3944 503 4004; x_wconf 90' lang='lat' dir='ltr'><strong>sit</strong></span> <span class='ocrx_word' id='word_1_309' title='bbox 522 3946 558 4006; x_wconf 89' lang='lat' dir='ltr'><strong>de</strong></span> <span class='ocrx_word' id='word_1_310' title='bbox 579 3949 632 4010; x_wconf 90' lang='lat' dir='ltr'><strong>hac</strong></span> <span class='ocrx_word' id='word_1_311' title='bbox 653 3949 870 4025; x_wconf 85' lang='lat' dir='ltr'><strong>controversia,</strong></span> <span class='ocrx_word' id='word_1_312' title='bbox 897 3969 971 4030; x_wconf 81' lang='lat' dir='ltr'><strong>qnae</strong></span> <span class='ocrx_word' id='word_1_313' title='bbox 996 3959 1052 4012; x_wconf 86' lang='lat' dir='ltr'><strong>etat</strong></span> <span class='ocrx_word' id='word_1_314' title='bbox 1076 3969 1131 4029; x_wconf 92' lang='lat' dir='ltr'><strong>pro</strong></span> <span class='ocrx_word' id='word_1_315' title='bbox 1152 3969 1232 4010; x_wconf 91' lang='lat' dir='ltr'><strong>anuo</strong></span> <span class='ocrx_word' id='word_1_316' title='bbox 1253 3949 1388 4009; x_wconf 90' lang='lat' dir='ltr'><strong>incarna-</strong></span> 
     </span>
     <span class='ocr_line' id='line_1_40' title="bbox 189 4031 1388 4117; baseline 0.007 -23"><span class='ocrx_word' id='word_1_317' title='bbox 189 4073 199 4094; x_wconf 54' lang='lat' dir='ltr'><strong>t</strong></span> <span class='ocrx_word' id='word_1_318' title='bbox 293 4037 400 4113; x_wconf 86' lang='lat' dir='ltr'><strong>tionis,</strong></span> <span class='ocrx_word' id='word_1_319' title='bbox 420 4035 499 4098; x_wconf 89' lang='lat' dir='ltr'><strong>nulla</strong></span> <span class='ocrx_word' id='word_1_320' title='bbox 529 4040 692 4102; x_wconf 87' lang='lat' dir='ltr'><strong>remanebit</strong></span> <span class='ocrx_word' id='word_1_321' title='bbox 711 4031 881 4117; x_wconf 79' lang='lat' dir='ltr'><strong>difficultas,</strong></span> <span class='ocrx_word' id='word_1_322' title='bbox 905 4043 929 4104; x_wconf 91' lang='lat' dir='ltr'><strong>si</strong></span> <span class='ocrx_word' id='word_1_323' title='bbox 957 4043 1070 4103; x_wconf 90' lang='lat' dir='ltr'><strong>dicatur</strong></span> <span class='ocrx_word' id='word_1_324' title='bbox 1089 4033 1185 4102; x_wconf 80' lang='lat' dir='ltr'><strong>aeram</strong></span> <span class='ocrx_word' id='word_1_325' title='bbox 1206 4041 1388 4103; x_wconf 87' lang='lat' dir='ltr'><strong>christianam</strong></span> 
     </span>
     <span class='ocr_line' id='line_1_41' title="bbox 294 4130 1386 4218; baseline 0.004 -28"><span class='ocrx_word' id='word_1_326' title='bbox 294 4141 325 4190; x_wconf 89' lang='lat' dir='ltr'><strong>et</strong></span> <span class='ocrx_word' id='word_1_327' title='bbox 348 4130 547 4195; x_wconf 89' lang='lat' dir='ltr'><strong>indictionem</strong></span> <span class='ocrx_word' id='word_1_328' title='bbox 570 4153 657 4193; x_wconf 90' lang='lat' dir='ltr'><strong>manu</strong></span> <span class='ocrx_word' id='word_1_329' title='bbox 681 4135 847 4214; x_wconf 90' lang='lat' dir='ltr'><strong>posteriore</strong></span> <span class='ocrx_word' id='word_1_330' title='bbox 872 4135 904 4194; x_wconf 91' lang='lat' dir='ltr'><strong>in</strong></span> <span class='ocrx_word' id='word_1_331' title='bbox 928 4135 1101 4218; x_wconf 85' lang='lat' dir='ltr'><strong>apographo</strong></span> <span class='ocrx_word' id='word_1_332' title='bbox 1127 4135 1217 4196; x_wconf 78' lang='lat' dir='ltr'><strong>luisse</strong></span> <span class='ocrx_word' id='word_1_333' title='bbox 1241 4135 1386 4209; x_wconf 67' lang='lat' dir='ltr'><strong>insertam</strong></span> 
     </span>
    </p>

    <p class='ocr_par' dir='ltr' id='par_1_8' title="bbox 295 4223 1349 4314">
     <span class='ocr_line' id='line_1_42' title="bbox 295 4223 1349 4314; baseline 0.005 -33"><span class='ocrx_word' id='word_1_334' title='bbox 295 4241 361 4283; x_wconf 90' lang='lat' dir='ltr'><strong>cum</strong></span> <span class='ocrx_word' id='word_1_335' title='bbox 379 4223 510 4304; x_wconf 87' lang='lat' dir='ltr'><strong>reliquae</strong></span> <span class='ocrx_word' id='word_1_336' title='bbox 529 4223 603 4284; x_wconf 91' lang='lat' dir='ltr'><strong>aliae</strong></span> <span class='ocrx_word' id='word_1_337' title='bbox 624 4223 767 4288; x_wconf 85' lang='lat' dir='ltr'><strong>formulae</strong></span> <span class='ocrx_word' id='word_1_338' title='bbox 787 4228 917 4309; x_wconf 86' lang='lat' dir='ltr'><strong>diploma</strong></span> <span class='ocrx_word' id='word_1_339' title='bbox 937 4227 1177 4314; x_wconf 72' lang='lat' dir='ltr'><strong>Carlovingicnm</strong></span> <span class='ocrx_word' id='word_1_340' title='bbox 1198 4229 1349 4290; x_wconf 83' lang='lat' dir='ltr'><strong>denotent</strong></span> 
     </span>
    </p>
   </div>
   <div class='ocr_carea' id='block_1_6' title="bbox 744 4435 943 4459">
    <p class='ocr_par' dir='ltr' id='par_1_9' title="bbox 744 4435 943 4459">
     <span class='ocr_line' id='line_1_43' title="bbox 744 4435 943 4459; baseline 0 -11"><span class='ocrx_word' id='word_1_341' title='bbox 744 4435 943 4459; x_wconf 40' lang='lat'><strong>*7⁸⁸-</strong></span> 
     </span>
    </p>
   </div>
   <div class='ocr_carea' id='block_1_7' title="bbox 0 0 1466 5086">
    <p class='ocr_par' dir='ltr' id='par_1_10' title="bbox 0 0 1466 5086">
     <span class='ocr_line' id='line_1_44' title="bbox 0 0 1466 5086; baseline 0 0"><span class='ocrx_word' id='word_1_342' title='bbox 0 0 1466 5086; x_wconf 95' lang='lat' dir='ltr'><strong> </strong></span> 
     </span>
    </p>
   </div>
  </div>
 </body>
</html>
