2890 5092
576 433 666 510 228

218 596 258 658 Et
276 607 319 674 tn,
335 597 423 674 Nata,
442 613 527 657 meae
546 585 614 656 mox
633 595 815 682 exerceberis
835 598 895 675 ira,
926 649 931 658 .
992 633 994 640 ›

216 691 256 750 Et
274 690 377 776 iugulo
397 691 540 752 moritura
559 690 633 766 lues,
653 709 727 770 quae
747 687 1038 754 stemmata'Patrurn

217 775 304 860 Quae
324 784 419 844 claros
439 783 564 844 abavum
582 781 697 846 eineres
715 781 918 865 petulantibus
938 785 1014 852 ansis

215 877 362 958 Conspuis
383 887 414 936 et
433 877 547 958 proprii
565 877 709 954 subvertis
727 874 790 939 iura
809 879 949 958 parentis.
975 915 979 926 ·

129 977 196 1038 540
214 973 298 1032 Pone
318 971 439 1030 modum
457 970 554 1032 victor
575 969 696 1046 Catule,
717 983 748 1030 et
766 973 947 1036 mansuetior
966 973 1044 1048 audi,

169 1134 173 1142 Ι
219 1067 261 1125 Et
280 1064 379 1124 differ*
389 1063 495 1143 punire
515 1073 595 1140 reos,
614 1065 763 1147 distingue
783 1063 907 1124 duorum

217 1158 360 1232 Crimina,
380 1176 442 1215 non
462 1169 590 1236 peccant
607 1157 726 1238 paribus
745 1157 801 1231 vir,
820 1157 1063 1238 femina‘poenis.

216 1242 296 1312 Huic
314 1269 395 1311 sexus
415 1270 471 1330 pro
491 1261 576 1328 parte
595 1241 856 1329 iavet,'faeilisque
874 1254 988 1312 moveri

215 1344 392 1420 Credulitas,
411 1341 569 1423 mollisque
588 1343 659 1408 levis
679 1342 796 1404 lascivia
815 1344 903 1404 vitae.
927 1371 933 1384 ⁸

129 1447 195 1524 545
214 1441 307 1499 Exeat
326 1438 456 1502 aularum
476 1437 576 1528 spatiis
594 1457 758 1519 regumque
777 1448 900 1516 penates
995 1429 1018 1468 ³

210 1531 365 1612 Despiclat
381 1531 485 1612 pietas,
504 1551 566 1591 non
587 1531 642 1591 bac
662 1529 695 1590 in
714 1531 784 1596 sede
802 1527 958 1592 morantur

212 1613 288 1686 Cum
308 1625 404 1684 forma
422 1625 530 1704 pudor,
550 1636 581 1685 et
598 1643 697 1684 mores
716 1623 780 1683 sine
800 1623 867 1684 labe
884 1625 998 1705 pudici,

208 1720 271 1778 Aut
287 1729 387 1778 tantos
406 1717 485 1778 inter
503 1738 566 1778 non
584 1729 647 1778 tuta
667 1717 811 1783 modestia
831 1717 922 1779 tuens

210 1813 302 1874 Forte
321 1810 435 1891 aliquid
454 1831 556 1873 causae
576 1811 720 1888 dedimus,¹
738 1812 806 1871 dum
826 1812 909 1893 regia
925 1808 1025 1878 natam
1060 1813 1075 1866 t
1172 1821 1175 1826 '

128 1911 193 1972 550
212 1907 328 1967 Educet
347 1905 501 1985 applausus
520 1901 600 1965 inter
618 1901 755 1984 lususque
776 1917 934 1985 potentum

189 1985 192 1992 ¹
215 1998 451 2077 Obscoenasque
470 1999 576 2058 ducum
594 2017 694 2073 voces,
714 1997 791 2058 bibit
808 1999 900 2059 inscia
919 1999 993 2060 ritus

209 2093 307 2174 Virgo
326 2090 430 2165 malos,
449 2091 612 2171 studiisque
633 2091 710 2151 salax
730 2093 875 2152 desuescit
894 2092 1033 2154 honestis.

210 2187 293 2264 Quin
313 2205 364 2247 sua
384 2194 553 2245 nascentem
574 2185 708 2245 accendit
729 2183 877 2264 Cytherea
896 2186 1034 2264 puellam,
1054 2219 1059 2230 ·

210 2283 251 2341 Et
270 2278 386 2354 crescit,
406 2278 549 2358 placitura
568 2279 648 2348 viro;
667 2299 699 2338 se
719 2277 828 2338 nubilis
848 2288 927 2336 aetas
993 2319 995 2326 .

130 2381 194 2441 555
212 2375 312 2454 Erigit
331 2385 361 2432 et
380 2393 462 2432 seros
481 2373 570 2432 audet
589 2363 708 2452 sperare
728 2383 865 2450 nepotes,

215 2467 259 2524 Ac
278 2467 379 2524 taedet
396 2465 500 2524 vixisse
519 2465 586 2540 sibi,
606 2465 630 2524 si
650 2463 735 2525 dulce
755 2463 858 2537 mariti
900 2536 904 2542 ἱ
949 2515 954 2534 ,

207 2557 345 2618 Poscitur
365 2555 506 2632 officium,
525 2557 612 2618 nimis
632 2569 677 2617 est
694 2578 813 2618 morosa
833 2565 989 2637 parentum

207 2649 301 2722 Cura;
322 2651 442 2729 placent
460 2650 558 2729 pauci,
578 2651 642 2729 quis
662 2650 705 2710 fas
724 2651 763 2712 sit
781 2650 906 2725 nubere,
925 2671 1019 2732 reges.

102 2803 105 2812 ,
209 2745 260 2804 Sic
279 2744 405 2804 trabitur
424 2755 539 2824 sperata
558 2744 632 2819 dies,
652 2743 804 2825 lectusque
817 2745 940 2827 iugalis,

126 2844 189 2904 560
207 2838 248 2896 Et
267 2837 378 2917 primos
397 2836 476 2895 inter
494 2849 628 2897 marcent
646 2825 764 2898 matura
779 2839 893 2900 calores

209 2930 372 3012 Tempora,
391 2949 447 2987 nec
465 2930 587 2988 metitur
604 2931 754 2990 vernantis
774 2931 913 2991 flosculus
934 2931 1007 2992 aevi.

205 3022 352 3082 Difficiles
372 3021 402 3080 in
423 3039 524 3080 amore
544 3039 652 3096 sumus,
672 3022 849 3100 decretaque
868 3035 994 3081 matrum

205 3117 301 3176 Lenta
320 3125 441 3188 nocent,
462 3113 559 3173 donec
578 3133 608 3173 se
629 3109 826 3194 grandis'lilia
847 3116 956 3194 prodat
1010 3141 1013 3148 ¹

206 3209 329 3291 Ignibus
348 3208 539 3286 insanamque
560 3205 645 3266 furor
663 3208 783 3267 seducat
802 3219 959 3270 amantem.

127 3309 188 3370 565
208 3303 379 3382 Expendam
400 3300 470 3360 facti
490 3320 599 3374 causas,
620 3319 705 3379 quam
727 3299 851 3379 quisque
872 3311 988 3360 secutus

206 3394 268 3454 Aut
287 3414 362 3474 qnae
383 3411 529 3478 quemque
549 3393 633 3471 prior
652 3393 751 3467 luerit,
771 3393 912 3476 suffragia
932 3411 1061 3473 poscam,

206 3489 374 3568 Nostraque
395 3483 534 3547 decident
551 3485 623 3544 istos
643 3483 781 3548 subsellia
801 3507 892 3550 casus.

256 3581 365 3642 Caesar
384 3591 418 3638 ut
436 3577 555 3640 attentis
575 3577 688 3650 facinus
707 3579 843 3641 mirabile
863 3581 967 3642 rostris

205 3673 359 3756 Exposuit,
380 3672 510 3753 quamvis
531 3671 652 3734 celasset
671 3673 790 3734 nomina
811 3675 951 3753 prudens,

128 3775 189 3836 570
208 3767 427 3828 Damnem-illa
447 3787 526 3841 reos,
546 3779 576 3827 et
594 3767 657 3827 dira
676 3779 773 3828 morte
793 3767 933 3847 piandum
969 3757 972 3770 ‘
994 3809 997 3814 -

206 3861 354 3922 Censetur
372 3873 431 3920 tam
452 3861 564 3940 grande
584 3859 867 3940 nelas,·pariterque
889 3871 1009 3942 togatos
1072 3897 1076 3904 ·

205 3957 283 4016 Ante
304 3967 400 4035 patres
420 3953 586 4035 Eginardus
606 3955 697 4029 adest,
718 3968 747 4014 et
767 3950 825 4013 filia
845 3953 922 4034 regis

204 4049 370 4108 Demissum
387 4048 483 4110 velata
504 4061 601 4128 caput,
621 4047 663 4108 nit
682 4049 792 4108 tristius
812 4069 941 4127 unquam

205 4141 282 4200 Post
298 4141 521 4204 Phaethonteos
541 4142 649 4218 vidisti,
670 4140 809 4225 Cyntbie,
828 4163 940 4216 currus,

131 4239 189 4300 575
209 4233 456 4314 Leucothoesqne
475 4256 582 4318 rogum
601 4247 652 4296 aut
672 4236 796 4298 crudelis
816 4236 907 4296 fercla
927 4229 1073 4313 Thyestis.

204 4326 336 4388 Advolat
357 4329 393 4388 ad
413 4338 517 4386 nutum
536 4323 639 4389 st'rieto
659 4351 801 4402 mucrone
820 4329 963 4400 minister,

203 4421 312 4482 Adstat
327 4431 477 4504 spectator
498 4423 632 4501 Carolus,
652 4425 842 4502 trabeataque
863 4421 971 4482 circum
1021 4433 1024 4446 ¹
