2960 5094
611 407 616 434 '
780 409 839 488 ’40

174 641 182 661 .
258 585 386 640 sacratae
401 587 488 651 sunt,
512 593 573 635 non
593 573 738 635 minorem
757 573 885 634 habeant
904 573 1065 649 honorem,
1097 573 1150 636 sed
1169 547 1311 646 maiorem
1331 587 1365 638 et

261 669 510 742 excellentiorem,
531 687 618 746 quam
638 666 706 726 lana
728 667 896 726 habuissent
915 665 1072 726 idolorum.

317 763 359 824 Il.
397 761 431 822 Si
457 761 520 844 quis
547 759 718 842 confugium
746 758 850 819 lecerit
874 759 905 818 in
924 758 1087 820 Ecclesiam
1102 759 1209 843 ‚nultus
1236 781 1303 822 eum
1324 763 1364 824 de

260 854 392 916 Ecclesia
411 873 466 935 per
484 853 654 915 violentiam
674 852 819 932 expellere
845 860 1026 932 praesumat,
1055 853 1107 938 scd
1131 873 1235 933 pacem
1255 853 1367 916 hebeat

260 937 440 1027 usquedum
461 947 497 1008 ad
523 945 661 1026 placitum
686 933 904 1025 praesentetur;
935 954 965 1003 et
989 957 1114 1024 propter
1138 946 1284 1008 honorem
1303 947 1366 1008 Dei

260 1053 486 1120 sanctorumque
506 1039 655 1100 Ecclesiae
675 1038 764 1118 ipsius
784 1035 989 1112 reverentiam,
1009 1040 1189 1100 concedatur
1208 1040 1312 1100 civita
1333 1051 1367 1100 et

186 1179 189 1190 .
261 1133 359 1193 omnia
383 1132 523 1194 membra.
566 1132 712 1192 Emendet
735 1141 832 1190 autem
857 1149 973 1190 causam
1000 1133 1031 1192 in
1057 1146 1197 1214 quantum
1222 1133 1367 1212 potuerit,

260 1237 291 1286 et
318 1227 346 1286 ei
369 1227 458 1288 suerit
480 1227 651 1295 iudicatum
683 1234 714 1282 et
744 1221 785 1282 sic
814 1223 933 1283 ducatus
959 1225 995 1286 ad
1021 1227 1216 1306 praesentiam
1239 1225 1366 1285 Domini

259 1317 364 1402 Regis;
384 1322 495 1400 etipse
515 1338 581 1380 eum
601 1316 697 1376 mittat
715 1315 767 1376 ubi
789 1315 962 1378 clementiae
982 1318 1072 1398 ipsius
1092 1318 1245 1400 placuerit.

316 1410 373 1470 111.
413 1415 446 1474 Si
471 1413 534 1493 quis
559 1409 719 1470 Ecclesiam
745 1427 800 1492 per
825 1407 996 1470 violentiam
1022 1411 1188 1488 intraverit,
1221 1422 1251 1471 et
1276 1411 1307 1470 iu
1329 1430 1365 1472 ea

259 1505 390 1584 pervim
409 1506 456 1570 vel
475 1505 585 1565 furtum
606 1503 715 1582 aliquid
735 1501 904 1577 abstulerit,
935 1503 982 1564 vel
1001 1504 1093 1584 ipsam
1111 1503 1272 1566 Ecclesiam
1291 1503 1363 1587 igne

259 1600 443 1674 cremaverit,
462 1607 558 1656 morte
578 1595 728 1672 moriatur.

316 1691 373 1749 tv.
413 1690 447 1749 Si
473 1689 536 1768 quis
561 1699 691 1748 sanctum
716 1686 965 1769 quadragesimale
986 1689 1127 1750 Ieiunium
1146 1709 1202 1770 pro
1222 1689 1365 1770 despectu

259 1781 478 1843 christianitatis
500 1782 699 1856 contemserit,
720 1792 750 1840 et
770 1799 886 1840 carnem
907 1781 1077 1856 comederit,
1096 1793 1193 1842 morte
1208 1782 1362 1842 moriatur.

259 1874 320 1933 Sed
338 1885 436 1938 tamen
457 1875 659 1944 consideretur
678 1893 694 1932 a
714 1873 892 1950 Sacerdote,
917 1897 956 1939 ne
977 1875 1055 1934 forte
1076 1895 1160 1934 causa
1180 1875 1363 1936 necessitatis

259 1966 318 2026 hoc
338 1969 460 2030 cuilibet
479 1967 644 2050 proveniat,
663 1978 696 2024 nt
715 1985 833 2027 carnem
853 1969 996 2028 comedat.

315 2061 353 2120 V.
391 2061 425 2122 si
446 2062 510 2142 quis
529 2060 710 2142 Episcopum
730 2069 760 2117 at
778 2059 985 2142 Presbyterum
1005 2059 1067 2120 sive
1080 2059 1247 2120 Diaconum
1266 2062 1364 2122 inter-

258 2151 375 2228 fecerit,
394 2153 527 2216 similiter
548 2152 642 2234 capite
663 2151 810 2232 punietur.

316 2247 371 2305 VI.
411 2247 445 2308 Si
466 2247 529 2326 quis
549 2267 565 2306 a
586 2243 706 2305 diabolo
728 2241 868 2324 deceptus
890 2244 1059 2318 crediderit,
1078 2244 1236 2306 secundum
1247 2265 1363 2308 morem

166 2338 169 2346 ’
259 2347 454 2420 paganorum,
472 2341 566 2402 virum
587 2337 714 2416 aliquem
734 2347 784 2394 aut
803 2335 941 2395 leminam
960 2335 1080 2418 strigam
1101 2355 1162 2398 esse
1183 2350 1213 2398 et
1228 2339 1363 2402 homines

258 2435 430 2508 comedere,
451 2445 481 2493 et
500 2444 624 2512 proptor
644 2429 702 2488 hoc
722 2429 814 2506 ipsam
833 2427 1016 2505 incenderit,
1035 2427 1083 2490 vel
1103 2451 1221 2492 earnem
1243 2433 1303 2494 eius
1323 2435 1369 2514 ad¹

258 2527 472 2586 comedendum
492 2523 622 2598 dederit,
653 2523 699 2585 vel
723 2522 815 2603 ipsam
836 2522 998 2584 comederit
1018 2522 1121 2604 capitis
1140 2526 1285 2588 sententia
1303 2547 1363 2608 pu-

257 2618 364 2678 nietur.

314 2703 384 2771 Vll.
424 2711 457 2771 Si
477 2711 540 2791 quis
559 2731 665 2791 corpus
686 2711 818 2772 defuncti
837 2710 964 2772 hominis
983 2712 1142 2772 secuudum
1161 2712 1249 2774 ritum
1268 2731 1362 2795 paga-

218 2797 222 2808 “
257 2821 364 2862 norum
384 2804 498 2864 flamma
520 2803 652 2864 consumi
672 2803 792 2881 lecerit,
812 2815 843 2865 et
862 2825 926 2866 ossa
947 2801 1065 2868 eiusad
1085 2808 1215 2870 cinerem
1234 2807 1361 2888 redege-

164 2913 167 2930 ·
258 2893 308 2971 rit,
329 2896 425 2976 capite
445 2897 592 2976 punietur.

272 3019 276 3030 ·
314 2989 400 3048 vul.
440 2990 482 3049 Si·
499 2988 562 3070 quis
589 2992 726 3073 deinceps
752 2992 782 3052 in
808 3002 897 3072 gente
918 2989 1065 3054 Saxonum
1091 2995 1169 3056 inter
1195 3015 1246 3056 eos
1265 2995 1363 3056 latens

191 3091 196 3102 '
256 3101 319 3142 nou
339 3081 502 3163 baptizatus
521 3103 552 3144 se
572 3083 753 3146 abscondere
772 3085 915 3159 voluerit,
946 3096 976 3144 et
1001 3085 1038 3146 ad
1065 3087 1240 3166 baptismum
1259 3086 1364 3150 uenire

257 3175 457 3252 contemserit,
477 3197 860 3260 paganusquepermancre
879 3176 1017 3254 voluerit,
1036 3191 1132 3239 morte
1152 3181 1302 3242 moriatur.

312 3267 364 3327 IX.
404 3269 437 3330 si
464 3273 526 3352 quis
552 3271 701 3332 hominem
728 3269 847 3331 diabolo
873 3268 1093 3346 sacrificaverit,
1122 3272 1207 3334 etin
1234 3273 1362 3334 hostiam

255 3375 339 3417 moue
359 3379 540 3440 paganorum
562 3355 754 3426 daemonibus
775 3361 926 3439 obtulerit,
946 3375 1042 3423 morte
1061 3366 1211 3426 morietur.

312 3449 349 3508 X.
388 3450 421 3509 Si
449 3454 512 3530 quis
540 3476 605 3513 cum
629 3457 751 3536 paganis
778 3453 930 3516 consilium
952 3455 1088 3518 aduersus
1110 3456 1292 3516 Christianos
1310 3459 1361 3518 in-

255 3540 334 3618 ierit,
352 3542 400 3601 vel
421 3564 485 3604 cum
506 3543 562 3604 illis
582 3545 612 3603 in
633 3547 806 3616 adversitate
821 3548 1055 3608 Christianorum
1076 3549 1234 3626 perdurare
1253 3551 1359 3612 volue-

255 3635 304 3708 rit,
323 3647 419 3695 morte
439 3635 590 3696 moriatur.
630 3639 671 3696 Et
691 3637 856 3718 quicunque
877 3640 933 3700 hoc
954 3641 1031 3700 idem
1051 3639 1153 3704 fraude
1174 3653 1277 3704 contra
1296 3645 1355 3706 lle·

255 3748 323 3810 gem
342 3727 389 3788 vel
408 3739 527 3810 gentem
549 3729 783 3790 Christianorum
803 3733 995 3808 consenserit,
1014 3744 1110 3794 morte
1129 3735 1280 3796 moriatur.

311 3821 363 3880 XI.
403 3821 437 3880 Si
457 3821 520 3900 quis
540 3821 673 3884 Domino
693 3823 770 3904 Regi
789 3823 913 3900 infidelis
939 3828 1122 3906 apparuerit,
1154 3829 1270 3910 capitali
1289 3852 1356 3892 seu·-

255 3914 349 3976 tentia
368 3913 516 3994 punietur.

311 4007 379 4069 XII.
420 4005 452 4064 Si
473 4007 536 4084 quis
557 4006 644 4066 filiam
665 4007 775 4070 domini
795 4011 837 4070 sui
858 4013 1001 4092 rapuerit,
1026 4025 1122 4073 morte
1142 4015 1292 4076 moriatur.

311 4099 396 4158 XIII.
435 4099 468 4160 si
489 4099 553 4178 quis
573 4099 724 4160 dominum
743 4126 825 4164 suum
844 4103 891 4164 vel
913 4105 1150 4166 dominamsuam
1163 4107 1357 4187 interfecerit,

255 4189 340 4249 simili
358 4193 449 4252 modo
470 4193 617 4273 punietur.
1099 4200 1104 4225 ·'

311 4283 392 4350 XIV.
431 4287 465 4368 Si
491 4307 562 4349 vero
588 4308 643 4369 pro
670 4288 714 4350 his
741 4290 912 4351 mortalibus
937 4291 1105 4374 criminibus
1127 4294 1252 4358 latenter
1272 4312 1354 4354 com-

255 4374 346 4439 missis
371 4377 475 4458 aliquis
501 4391 606 4460 sponte
627 4381 663 4441 ad
684 4379 875 4444 Sacerdotem
901 4383 1086 4468 confugerit,
1114 4398 1143 4448 et
1169 4386 1357 4456 consessione
