2908 5094
602 451 690 522 lut

76 635 142 677 una
164 615 244 676 liora
263 614 411 676 dominica
434 625 619 696 pertractant
641 611 850 698 myster-ia‚'-et
870 615 1044 681 Christianis
1068 619 1197 685 donni-

77 731 149 770 cum
177 709 342 791 porrigunt
365 724 474 788 corpus
498 727 556 789 pro
579 721 699 770 suarum
722 710 882 773 animarum
905 712 1197 792 redemptione,et

75 815 149 884 post
172 801 374 878 Christianos,
394 801 501 880 quibus
520 801 579 860 boe
597 798 760 878 ministrare
779 803 962 880 debuerant,
980 816 1032 866 aut
1049 806 1197 891 Paganos,

74 895 191 974 quibus
216 895 369 956 Christum
389 886 576 1002 praedieare,
600 895 729 975 propriis
752 898 959 996 sacrilegisque
982 898 1118 961 manibus
1141 922 1196 962 ne·

74 1000 164 1060 eant;
186 989 353 1070 praecipue
373 979 501 1049 dicente
509 988 551 1048 eis
571 989 722 1050 Domino·
750 988 815 1049 Vos
832 989 899 1051 estis
914 991 962 1052 sol
978 1005 1088 1066 m3
1106 993 1199 1076 (leod

72 1087 100 1143 si
119 1083 174 1144 sol
193 1084 360 1159 monuerit,
385 1085 417 1140 in
441 1103 498 1162 quo
522 1081 693 1144 condictam?
731 1080 783 1141 Ad
796 1080 926 1146 asidam
949 1085 1024 1148 rata
1040 1085 1121 1148 ultam
1138 1091 1198 1149 elsi

71 1191 105 1236 ut
124 1180 268 1236 ιιιίιιαιιιι·
276 1173 387 1259 foras,
414 1189 441 1235 et
459 1175 639 1237 eoneuloetsu·
656 1175 695 1237 ab
711 1173 880 1236 mattas.
921 1179 961 1238 Et
979 1179 1165 1241 dumbaec'
1154 1193 1196 1242 tta
1265 1236 1266 1246 ,

71 1291 105 1330 se
128 1257 281 1345 habeant,
300 1269 439 1352 elegimus
459 1267 974 1350 portus‚tt0minoammtnteutante,
992 1271 1138 1354 nobisque
1156 1273 1195 1334 il-

72 1363 112 1422 lis
136 1375 172 1422 et
195 1362 306 1422 cunetis
327 1382 429 1424 eorum
449 1363 590 1424 Ecclesiis
615 1384 703 1446 opem
727 1362 863 1437 ferente,
892 1381 948 1423 nec
978 1365 1133 1445 quiequam
1152 1368 1195 1428 eb

70 1475 137 1535 pro
159 1456 223 1516 hoc
243 1456 279 1517 de
298 1455 462 1518 honoribus
486 1455 534 1518 vel
554 1452 751 1522 Ecclesiamm
770 1455 860 1516 rebus
880 1455 1049 1533 minuente,
1073 1471 1107 1520 ut
1125 1481 1194 1542 gra-

73 1549 131 1609 dus
155 1569 263 1610 eorum
283 1560 314 1610 et
331 1561 501 1611 sanctorum
521 1549 680 1611 Canonum
700 1550 818 1612 decreta
839 1548 1023 1627 custodiant,
1046 1571 1132 1631 quam
1151 1553 1195 1614 illi

72 1655 128 1703 ant
150 1643 243 1704 nobis
262 1643 477 1724 imperantibus
502 1656 553 1704 aut
578 1641 832 1704 consentientibus
858 1654 963 1704 contra
982 1641 1196 1724 tractarunt,

72 1747 127 1796 aut
150 1737 295 1819 gradibus
315 1747 452 1812 careant,
476 1757 510 1797 ac
534 1736 619 1796 simul
638 1757 709 1814 nos,
735 1737 817 1818 quod
833 1735 927 1822 absit,
951 1757 1017 1797 cum
1037 1737 1079 1798 eis
1098 1750 1130 1800 et
1148 1738 1194 1799 vi·

73 1830 179 1890 ctoria
205 1851 354 1892 careamus
373 1830 432 1908 vet
447 1849 609 1910 pereamus.
656 1829 824 1905 Quoniam,
847 1830 976 1908 peccatis
1000 1831 1195 1912 exigentibus,

71 1922 221 1984 timemus
240 1925 264 1984 si
282 1924 353 1984 talia
373 1935 404 1983 et
422 1935 481 1983 tam
500 1923 615 1983 inlicita
633 1934 684 1982 aut
702 1923 878 2002 imperemus
898 1933 949 1982 aut
959 1943 1049 2004 agere
1064 1944 1193 1984 consen-

70 2015 201 2090 tiamus,
219 2026 254 2074 ut
272 2036 331 2074 una
351 2037 416 2082 cum
436 2017 477 2075 eis
496 2035 664 2096 pereamus3
689 2017 757 2096 quia
781 2036 844 2077 non
869 2015 964 2077 solum
993 2016 1044 2096 qui
1071 2016 1194 2096 faciunt,

72 2107 130 2166 sed
160 2119 193 2167 et
218 2107 269 2188 qui
295 2109 485 2168 consentiunt
510 2107 702 2184 iacientibus,
733 2130 829 2190 aequo
856 2109 973 2188 piaculo
997 2110 1042 2170 rei
1073 2111 1193 2172 suntin

74 2213 248 2281 conspectu
267 2200 327 2262 Dei
349 2211 379 2261 et
399 2200 578 2261 Sanctorum
598 2199 669 2259 eius.
708 2201 821 2261 Sivero
836 2203 891 2260 ista
902 2202 1046 2264 veraciter
1064 2216 1192 2266 exutra-

74 2313 137 2371 que
171 2305 256 2374 parte
281 2295 394 2356 luerint
416 2293 580 2369 custodita,
610 2293 755 2354 credimus
781 2293 850 2374 quia
873 2303 1037 2353 ¹·eorruent
1048 2307 1117 2356 ante
1136 2315 1193 2358 nos

73 2405 188 2444 omnes
208 2407 340 2468 paganae
360 2400 477 2480 gentes,
494 2397 525 2448 et
545 2387 652 2448 erimus
670 2387 809 2462 virtores,
827 2385 949 2466 insuper
961 2395 991 2445 et
1008 2383 1087 2446 bene
1100 2407 1192 2469 agen·

75 2488 136 2554 tes,
157 2477 292 2541 Domino
313 2430 479 2557 auxiliante,
497 2479 586 2543 vitam
606 2480 821 2562 possidebimus
840 2479 1060 2560 sempiternam

534 2734 736 2756 Μ

329 3078 514 3178 ceptrum
528 2957 942 3154 affirmant

134 3220 310 3280 Admonere
330 3241 383 3282 vos
403 3201 504 3301 cupio,
522 3220 629 3281 iratres
650 3231 681 3282 et
700 3217 790 3280 filioli
805 3219 882 3294 mei,
901 3229 934 3276 ut
952 3218 1007 3278 ista
1027 3235 1120 3297 pauca
1140 3227 1188 3276 ca-‘

79 3313 186 3391 pitula,
206 3333 281 3392 quae
302 3313 370 3373 hinc
389 3315 498 3394 scripta
517 3326 596 3390 sunt,
616 3313 755 3373 attentius
775 3305 907 3373 audiatis.

135 3407 162 3466 Ι.
203 3405 355 3518 Inprimis,
373 3418 407 3465 ut
425 3407 571 3468 Sacerdos
589 3405 650 3464 Dei
675 3404 773 3465 divina
797 3403 943 3486 scriptura
968 3403 1072 3465 doctus
1090 3403 1138 3482 sit,
1158 3415 1189 3464 et

79 3497 169 3560 iidem
189 3483 343 3560 Trinitatis
362 3512 443 3562 reete
464 3484 580 3576 credat,
606 3508 637 3558 et
655 3495 730 3592 alios
757 3495 878 3576 doceat,
903 3509 934 3559 et
951 3519 1035 3562 suum
1055 3495 1188 3560 officium

79 3589 157 3655 bene
178 3595 272 3674 possit
290 3593 422 3676 implere.

135 3690 179 3752 ΙΙ.
218 3690 263 3749 Ut
280 3700 378 3750 totum
397 3681 567 3770 psalterium
585 3687 757 3748 memoriter
774 3698 884 3748 teneat.
1172 3743 1175 3750 ,

135 3785 212 3850 ΙΠ.Δ
233 3784 278 3844 Ut
297 3781 479 3866 signaculum
499 3791 530 3842 et
549 3779 752 3864 baptisterium
771 3778 944 3841 memoriter
961 3787 1072 3839 teneat
1126 3778 1129 3789 '
1161 3784 1164 3794 ’

136 3879 190 3938 IV.
229 3879 274 3939 Ut
293 3877 330 3938 de
350 3875 514 3971 canonibus
533 3873 709 3952 doetussit,
734 3883 765 3934 et
783 3893 866 3933 suum
893 3869 1107 3956 poenitentiale
1132 3867 1185 3926 be-

82 3987 120 4030 ne
138 3971 219 4034 sciat.
768 4039 772 4064 Ι

139 4065 176 4123 V.
195 4066 239 4126 Ut
258 4076 375 4126 cantum
395 4077 426 4126 et
445 4074 617 4147 compotum
635 4059 715 4123 sciat„

47 4226 51 4236 Ι
138 4157 191 4218 vt.
230 4159 275 4218 Ut
300 4157 396 4218 nullus
421 4159 566 4220 Sacerdos
596 4153 720 4216 feminas
744 4175 842 4216 seeum
866 4153 1001 4216 habitare
1025 4094 1186 4231 permittet,

85 4263 204 4332 excepto
224 4261 329 4327 matre,
348 4270 464 4328 sorore,
482 4249 530 4311 vel
549 4247 645 4309 amita.

125 4453 146 4504 'l
160 4451 293 4510 Walter,
307 4451 342 4510 tt,
358 4467 382 4510 p.
401 4454 446 4508 199
457 4465 494 4508 tq.
525 4451 727 4498 thtmbeinlielt
739 4463 795 4496 von
807 4449 882 4494 Jahn
893 4448 946 4494 80⁴.
