2890 5092
263 601 357 664 esau
378 615 410 663 a
432 605 590 664 malms
608 599 763 665 emanas
780 605 903 679 amat,
925 625 984 665 m
1005 585 1226 682 mabsam
1249 604 1384 668 mnam

264 696 323 758 ridi.
365 693 502 760 Ssddoc
524 695 610 760 modo
633 685 734 760 mata
758 701 812 758 trois
836 698 1151 780 emrsfacmcmbor
1175 697 1384 760 Damus&

150 787 156 806 '
263 791 357 854 laam
373 804 423 852 tuo
441 787 514 852 duos
531 793 771 868 ingeniosissimo
789 791 918 867 clericos,
937 805 968 852 ut
985 813 1045 853 nors
1062 791 1222 867 mmet,
1241 797 1294 874 pus·
1313 815 1381 854 me-

264 905 330 945 cum
351 897 427 959 sunt,
446 883 526 964 qood
541 884 584 946 ad
600 899 627 945 ts
639 887 814 962 pertinsem,
835 899 861 945 et
873 887 1040 968 puseolum
1057 889 1213 968 mium,
1233 883 1304 946 Deo
1323 908 1381 947 oo·

263 977 355 1054 lonas,
378 981 410 1036 in
428 973 483 1039 tat
502 999 535 1039 ser
553 1001 639 1059 quom
660 979 794 1055 pomus
818 991 1009 1058 essequam.
1049 979 1228 1060 Factumque
1250 991 1295 1040 est
1320 979 1379 1040 ita.

264 1072 305 1132 Et
323 1090 396 1132 ecce
416 1083 484 1151 post
502 1073 649 1134 modicum
669 1083 784 1152 tempus
803 1073 915 1153 optime
935 1071 1092 1134 instructos
1117 1073 1229 1134 remisit
1252 1072 1289 1132 ad
1310 1073 1377 1133 Ka-

264 1163 373 1224 rolum.
421 1165 482 1240 Qui
507 1187 597 1226 unum
622 1187 720 1227 secum
746 1165 883 1242 retinuit,
904 1166 1025 1226 alterum
1046 1187 1133 1242 vero,
1147 1177 1284 1248 'petente
1308 1167 1376 1226 filio

264 1275 336 1331 suo,
364 1257 552 1340 Drogone1)
570 1259 709 1320 Mettensi
729 1260 888 1340 episcopo,
913 1259 950 1319 ad
969 1259 1062 1340 ipsam
1082 1259 1185 1319 direxit
1205 1259 1375 1319 ecclesiam.

265 1349 359 1412 Cuius
378 1351 519 1414 industria
539 1373 602 1414 non
621 1352 715 1414 solum
741 1353 772 1413 in
793 1353 898 1415 eodem
923 1351 992 1412 loco
1017 1353 1148 1434 pollere,
1177 1353 1228 1413 sed
1258 1360 1288 1412 et
1315 1373 1375 1432 per

263 1443 419 1506 Franciam
445 1445 476 1504 in
501 1455 615 1504 tantum
640 1447 741 1527 coepit
759 1446 937 1528 propagcri,
956 1458 989 1508 ut
1008 1467 1087 1508 nunc
1106 1458 1197 1527 usque
1218 1447 1296 1526 apud
1319 1465 1374 1508 eos

263 1537 365 1616 quiin
386 1537 430 1600 his
449 1536 621 1621 regionibus
642 1538 734 1601 latino
755 1559 891 1602 sermone
916 1551 1053 1616 utuntur,
1081 1539 1275 1600 ecclesiastica
1296 1559 1372 1598 can-

260 1629 354 1691 tilena
375 1632 488 1692 dicatur
506 1631 668 1710 Mettensis,
688 1635 766 1716 apud
785 1654 840 1694 nos
860 1644 955 1694 autem
976 1634 1026 1713 qui
1046 1633 1216 1694 theutonica
1228 1631 1287 1691 sire
1300 1642 1372 1691 teu-

200 1717 203 1724 '
261 1723 335 1786 tisca
349 1725 449 1806 lingua
460 1725 619 1807 loquimur,
639 1738 689 1787 aut
707 1727 863 1789 remacule
874 1727 938 1786 Met
958 1739 1007 1786 aut
1018 1727 1122 1802 Metto,
1141 1725 1188 1788 rel
1206 1725 1371 1785 secundum

261 1837 397 1901 graecam
418 1818 630 1884 derivationem
650 1821 757 1883 usitato
777 1818 924 1882 vocabulo
943 1819 1078 1881 Mettisca
1098 1819 1274 1882 nominetur.

715 2067 914 2080 m·—

600 2422 607 2434 .
739 2331 899 2410 Lxxvl

566 2463 749 2522 Momm
770 2460 1058 2532 neon-mensas

420 2565 631 2655 Additamentom
661 2569 694 2620 ad
719 2567 813 2624 dunel.
835 2566 1007 2620 Laurinienses
1029 2564 1090 2618 anni
1113 2563 1208 2635 ⁸iss‘l').

318 2703 359 2764 Et
377 2723 509 2764 reversus
535 2714 579 2764 est
604 2724 657 2770 rer
679 2703 821 2782 piissimus
840 2699 982 2776 Karalus,
1012 2712 1043 2761 et
1071 2699 1231 2762 celebravit
1248 2698 1365 2758 Romae

258 2795 368 2874 pascha
394 2817 460 2856 cum
486 2795 597 2855 domno
623 2795 797 2876 apostolico.
841 2795 936 2870 Ecce,
969 2807 1032 2854 orta
1060 2806 1105 2855 est
1128 2791 1282 2854 contentio
1306 2811 1364 2872 per
1438 2829 1439 2866 2

259 2885 322 2974 dies
343 2880 433 2948 festos
452 2887 580 2968 paschae
597 2886 676 2948 inter
696 2899 830 2950 cantores
840 2887 1042 2954 Romanorum
1062 2902 1092 2950 et
1112 2887 1276 2949 Gallorum.
1304 2883 1363 2942 Di·

258 2977 369 3040 cebant
387 2999 418 3040 se
440 2978 521 3042 Galli
540 2978 642 3043 melius
656 2993 780 3052 ¹cantare
802 2994 831 3042 et
851 2981 998 3062 pulchrius
1025 3004 1111 3064 quam
1130 2979 1266 3042 Romani.
1304 2975 1363 3036 Di-

258 3071 368 3134 cebant
391 3093 422 3134 se
445 3073 573 3134 Romani
597 3075 764 3138 doctissime
794 3075 952 3148 cantilenas
982 3075 1187 3136 ecclesiasticas
1215 3070 1363 3152 proferre,

257 3166 334 3228 sicut
353 3166 434 3228 docti
454 3165 571 3228 fucrant
590 3189 606 3228 a
626 3181 728 3232 sancto
743 3167 894 3249 Gregorio
914 3187 1004 3248 papa:
1026 3168 1129 3229 Gallos
1140 3173 1279 3246 corrupte
1291 3184 1361 3224 can-

256 3253 332 3338 tare,
352 3271 382 3321 et
402 3261 578 3322 cantilenam
597 3283 696 3324 sanam
717 3261 895 3322 destruendo
921 3261 1089 3323 dilacerare.
1130 3263 1215 3337 Quae
1236 3269 1362 3319 conten-

257 3355 301 3414 tio
322 3367 390 3415 ante
411 3355 549 3416 domnum
570 3377 672 3440 regem
694 3354 834 3416 Carolum
854 3349 1012 3436 pervenit¹
1047 3355 1127 3416 Galli
1146 3375 1217 3418 vero
1237 3361 1363 3432 propter

257 3446 445 3540 securitatem
465 3449 565 3508 domni
585 3449 663 3532 regis
682 3450 783 3510 Karoli
803 3449 886 3511 valde
900 3448 1101 3530 exprobabant
1113 3446 1281 3511 cantoribus
1296 3443 1361 3504 Ro·
1437 3477 1438 3480 ¹

257 3539 358 3604 manis.
397 3539 525 3600 Romani
545 3561 616 3602 vero
637 3554 761 3622 propter
781 3541 984 3602 auctoritatem
998 3563 1120 3626 magnae
1141 3539 1293 3601 doctrinae
1307 3556 1359 3596 eos

219 3659 222 3666 ·
256 3633 373 3710 stultos,
392 3635 516 3697 rusticos
537 3645 568 3694 et
587 3634 735 3711 indoctos,
755 3635 834 3696 velut
854 3635 938 3696 bruta
951 3634 1096 3710 animalia,
1115 3633 1309 3706 affirmabant,
1331 3642 1361 3694 et

257 3727 422 3788 doctrinam
442 3728 544 3790 Sancti
570 3727 712 3811 Gregorii
737 3728 946 3808 praeferebant
978 3727 1131 3790 rusticitati
1157 3747 1268 3788 eorum.
1319 3725 1360 3783 Et

257 3842 325 3882 cum
343 3819 493 3884 altercatio
515 3823 551 3884 de
571 3834 675 3884 neutra
701 3832 784 3904 parte
803 3821 914 3898 finiret,
941 3821 981 3880 ait
1001 3821 1123 3882 domnus
1144 3821 1287 3902 piissimos
1307 3839 1358 3880 rex

256 3914 382 3976 Karolus
402 3915 438 3974 ad
457 3937 524 3978 suos
552 3928 702 3978 cantores:
736 3913 834 3974 Dicite
850 3913 965 3990 polum,
990 3917 1054 3995 quis
1067 3917 1175 3992 purior·
1193 3928 1233 3974 cst
1251 3927 1278 3973 et
1295 3915 1360 3994 quis

241 4005 369 4087 'melion
389 4023 440 4070 out
449 4010 529 4092 fone
547 4013 635 4088 aima,
654 4007 809 4072 matriculi
827 4011 888 4068 eius
906 4009 990 4085 longe
1001 4007 1200 4070 decurrentes?
1219 4007 1360 4088 Respon-

302 4264 323 4316 Ι)
337 4263 387 4308 Der
399 4264 592 4310 Anachrouismur
606 4265 690 4310 erhcllt
702 4278 743 4308 cus
757 4265 889 4310 Komment.
904 4278 934 4308 an
946 4264 1008 4320 Καρ.
1021 4263 1108 4310 xvut.
1134 4265 1166 4310 Rs
1176 4263 1266 4310 schcint
1278 4263 1313 4308 als
1326 4265 1358 4306 ob

256 4329 301 4373 der
313 4338 369 4389 gnte
382 4333 467 4375 Mttnolr
480 4333 525 4376 den
537 4331 636 4376 Bisclrol'
645 4331 802 4396 chrodegang
814 4347 860 4376 von
873 4333 945 4386 Meta,
959 4332 1001 4378 der
1020 4330 1068 4374 siclt
1082 4337 1148 4375 unter
1160 4333 1247 4390 Pippin
1259 4344 1298 4374 um
1310 4330 1358 4374 den

256 4395 449 4458 Kirchengessng
463 4399 571 4443 verdiont
584 4398 682 4454 rnechte,
699 4397 741 4444 ruit
752 4398 834 4458 Brogo
848 4398 998 4444 vorwechsclt
1009 4397 1080 4444 trabe.

297 4464 320 4514 ²)
336 4462 440 4520 Partz,
454 4465 474 4517 l,
488 4479 512 4521 p.
530 4469 572 4510 tto
588 4479 623 4522 sq.
