2960 5094
605 449 665 522 ttl

85 602 326 667 excellentissime
346 614 403 686 ete
416 602 484 666 Deo
503 613 617 665 servate
635 605 687 683 fili,
707 614 738 668 ct
755 604 894 686 spiritalis
913 615 1075 687 compater,
1093 607 1186 670 rebe-

85 699 178 760 menti
197 695 358 760 dilectione
377 716 431 758 vos
451 703 521 780 er'ga
540 716 669 757 amorem
687 698 900 778 Apostolorum
918 699 1061 782 principis
1078 703 1113 764 B.
1125 703 1196 766 Pe..

85 792 134 867 tri,
152 803 242 878 atque
262 789 339 852 circ'a
350 800 490 870 ,noemam
509 791 659 851 caritatem
677 813 728 852 vos
747 792 872 875 flagrare
893 783 1094 874 experimento
1110 797 1186 858 didi-

85 887 186 961 cimus,
206 883 381 966 praesertim
401 881 498 942 dum
488 903 551 962 ipsa
568 883 766 944 Excellentiae
783 897 896 948 vestrae
912 885 1041 966 epistola
1061 889 1187 954 caritatis

85 977 198 1057 calamo
220 977 360 1050 cernitur
373 995 435 1038 esse
455 975 637 1057 conscripta:
658 974 767 1036 etenim
787 997 820 1037 ex
838 979 927 1040 corde
939 974 1048 1070 lingua
1050 982 1188 1060 tinxerat,

85 1072 194 1154 quod.'
185 1094 218 1131 ιιι
240 1072 357 1134 chartae
376 1067 554 1128 refundebat
573 1067 720 1150 paginam.
761 1061 960 1144 Quamobrem
978 1095 1104 1158 magnas
1118 1095 1188 1159 gra·

83 1165 206 1248 tiorum
212 1165 345 1226 actiones
364 1182 380 1222 a
399 1161 468 1234 Deo
487 1172 642 1241 protectae
662 1161 862 1224 Excellentiae
885 1178 997 1228 vestrae
1022 1168 1190 1277 referimus,

84 1257 228 1366 quoniam
248 1258 315 1318 dum
334 1255 470 1316 nimirum
491 1255 589 1318 divina
606 1265 637 1315 te
658 1251 830 1331 elementia,
857 1277 912 1336 per
930 1258 1125 1322 interventum
1143 1262 1188 1324 sui

33 1380 36 1390 ·
83 1349 229 1430 principis
244 1348 466 1430 Apostolorum
485 1347 672 1408 defensorem
691 1360 778 1430 atque
799 1347 1018 1429 opitulatorem,
1034 1353 1189 1436 benignis-

30 1496 35 1504 .
84 1441 159 1502 sime
178 1443 251 1520 Rex,
269 1455 385 1504 sanctae
403 1461 472 1503 suae
483 1441 646 1528 ,constituit
661 1442 825 1516 Ecclesiae,
844 1463 914 1506 cura
932 1453 1046 1506 vestrae
1059 1447 1188 1509 Eximio-

84 1535 138 1594 tati
148 1535 458 1618 insistatperiectum,
472 1534 707 1615 redemptionem
717 1536 799 1596 istius
808 1534 995 1611 Provinciae,
1015 1548 1102 1617 atque
1113 1540 1190 1602 exal.
1227 1561 1231 1573 ·

84 1627 231 1689 tationem
239 1627 333 1711 'buius'
352 1633 553 1710 sacrosanctae
572 1628 723 1698 Ecclesiae
741 1648 911 1709 procurare.
949 1629 1039 1690 Unde
1057 1631 1190 1694 Domine

84 1719 144 1780 Dei
164 1724 348 1800 nasutum
368 1728 434 1784 cum
445 1723 582 1784 universo
590 1721 806 1806 'populo'nobis
816 1721 982 1798 commisso,
999 1723 1191 1804 imploramus

86 1811 290 1893 elementiam,
319 1828 353 1877 ut
374 1833 496 1878 suavos
516 1827 655 1899 protegat
680 1814 788 1897 gratia;
819 1825 850 1874 et
873 1815 1026 1876 victoriam
1046 1817 1131 1879 vobis
1152 1819 1191 1880 de

85 1907 170 1968 caelo
190 1907 369 1984 ministrans,
389 1921 506 1970 cunctas
526 1909 664 1969 barbaras
683 1908 819 1968 nationes
838 1909 943 1970 vestris
954 1909 1190 1974 subiiciatvesti-

83 1999 153 2080 giis,
173 2012 205 2058 et
223 2000 408 2081 longaeviter
425 2001 513 2082 regni
531 2000 729 2082 gubernacula
749 2001 838 2062 saciat
856 2004 1030 2082 promereri,
1048 2023 1107 2064 una
1123 1991 1190 2066 ciam
1283 2081 1287 2092 „

85 2089 254 2150 dulcissima
274 2101 370 2150 vestra
390 2091 517 2172 coniuge
538 2093 775 2154 excellentissima
794 2095 922 2176 Regina,
940 2095 1069 2178 spiritale
1089 2108 1190 2158 nostra

27 2257 29 2262 ,
86 2193 259 2259 commatre,
279 2194 310 2242 et
328 2183 432 2243 vestris
451 2183 618 2262 nostrisque
638 2184 835 2246 amantissimis
850 2189 935 2263 natis,
956 2191 1066 2250 domno
1078 2189 1190 2252 Carolo

87 2287 117 2334 et
138 2275 354 2353 Carlomauno,
372 2275 582 2355 potentissimis
601 2274 745 2358 Regibus,
766 2287 796 2336 et
815 2279 921 2340 domna
932 2280 1026 2342 Gisiia
1046 2282 1190 2342 excellen-

87 2367 208 2444 tissima,
228 2380 257 2428 et
274 2369 350 2431 vitae
371 2381 509 2430 aeternae
530 2389 595 2430 eum
613 2367 724 2430 Electis
742 2368 968 2452 Doiepucedat
987 2371 1101 2452 gaudia.

147 2458 224 2520 Peto
244 2461 340 2542 itaque
361 2475 391 2524 et
411 2463 555 2548 deprecor
572 2459 613 2538 t'e,
635 2463 875 2525 excellentissime
891 2462 943 2540 fili,
961 2462 1191 2544 spiritaliscom-

89 2564 188 2632 pater,
208 2563 296 2633 atque
315 2577 369 2636 per
389 2555 625 2635 omnipotentem
644 2556 742 2616 Deum
762 2568 792 2616 et
811 2577 918 2636 corpus
937 2556 972 2616 B.
992 2555 1091 2632 Petri,
1111 2558 1192 2620 cuius

27 2649 28 2656 ’
90 2657 119 2704 et
135 2647 270 2732 optimus
297 2647 391 2708 fidelis
417 2649 527 2724 existis,
552 2649 693 2724 coniuro,
719 2659 749 2709 et
772 2650 901 2710 maximis
926 2649 1192 2730 supplicationibus

91 2739 231 2818 deposco,
251 2752 392 2822 quatenus
411 2741 512 2802 iubeas
530 2733 632 2812 sedule
650 2743 754 2828 intuo
772 2754 875 2806 saneto
895 2755 926 2808 et
943 2743 1038 2804 aDeo
1047 2743 1192 2825 inspirato

89 2832 229 2894 mellifluo
256 2833 346 2896 corde
369 2835 509 2896 retinere¹
527 2835 623 2912 illud,
642 2839 726 2917 ¹quod
755 2859 809 2899 -vos
832 2847 952 2900 ‘sanctae
976 2838 1191 2906 recordationis

91 2919 230 2988 domnus
246 2938 277 2987 et
307 2946 461 3009 ger-suanus
490 2941 603 2990 noster·
617 2929 799 2992 beatissimus
829 2931 999 3012 Stephanus
1012 2932 1115 3012 Rapa·
1130 2927 1192 3004 liei
1275 2967 1282 2984 ·

90 3031 159 3080 nutu
178 3020 344 3096 admonuit,
364 3031 451 3100 atque
471 3022 644 3103 deprecatus
663 3035 708 3082 est
725 3017 940 3106 peragendum
960 3035 991 3085 et
1008 3024 1042 3082 in'
1061 3041 1095 3082 ea
1114 3023 1192 3084 cari·

92 3121 146 3172 tate
166 3126 257 3194 atque
277 3114 402 3176 amicitia
427 3135 601 3196 permanere
626 3129 804 3197 cunctaque,
836 3117 962 3197 qualiter
984 3135 1038 3177 vos
1063 3115 1191 3176 terribili
1297 3148 1303 3170 t

92 3204 295 3267 adhortatione
314 3208 413 3287 petiit,
440 3207 608 3290 adimplere·
621 3221 651 3269 et
670 3210 791 3271 effectui
810 3209 978 3288 mancipare
997 3205 1139 3279 iubeatis,
1157 3215 1192 3264 ut

91 3299 251 3376 perfectam
269 3301 445 3376 mercedem,
465 3313 495 3362 et
513 3301 674 3381 repositam
694 3302 879 3381 plenissimae
899 3295 1113 3378 redemptionis
1133 3317 1190 3357 no-

90 3401 159 3452 strae
180 3411 327 3468 coronam
347 3411 363 3450 a
387 3393 464 3470 justo
484 3394 586 3453 Iudice
611 3393 741 3452 omnium
766 3391 938 3468 conditore,
967 3390 1099 3452 Domino
1118 3391 1189 3452 Deo

91 3495 211 3560 nostro,
235 3484 355 3563 quivos
376 3484 407 3544 iu
426 3503 528 3566 regem
548 3484 647 3560 unxit,
667 3485 809 3564 consequi
828 3483 1014 3560 mereamini,
1034 3496 1064 3544 et
1083 3485 1189 3567 gaudia

92 3587 226 3638 aeternae
237 3575 439 3640 beatitudinis
465 3599 530 3638 cum
557 3528 671 3640 Sanclis
699 3590 729 3640 et
747 3577 857 3640 Electis
875 3577 948 3649 Dei;
978 3577 1046 3638 dum
1071 3578 1190 3659 plebem

92 3666 275 3746 Dominicam
295 3671 453 3762 perfectius
473 3671 611 3748 liberans,
630 3683 718 3752 atque
738 3685 867 3734 sanctam
886 3669 1116 3732 DeiEcclesiam
1137 3672 1189 3734 de·

29 3785 30 3792 ι
94 3759 255 3843 lendens,
244 3764 372 3826 divinae
379 3765 523 3826 maiestati
542 3764 671 3826 illaesam
690 3787 706 3826 a
725 3766 916 3828 saevientium
934 3763 1191 3846 malitiapraeser

95 3858 209 3918 vareris.
247 3841 308 3919 Pro
329 3878 388 3939 quo
409 3870 449 3918 et·
445 3879 607 3941 magnam,
626 3870 696 3938 post
712 3860 820 3935 Deum,
840 3857 1048 3940 benignissime
1067 3857 1191 3940 bomin

95 3955 160 4008 tuae
179 3949 399 4036 pollicitationis
418 3952 587 4033 sponsione,
607 3971 693 4030 quam
709 3952 744 4012 B.
760 3952 851 4012 Petro
872 3951 1115 4034 contulisti,.spei
1135 3969 1188 4032 ge-

96 4037 182 4100 rimus
200 4043 348 4120 fiduciam,
372 4065 431 4106 una
456 4067 521 4122 cum
542 4045 630 4108 omni¹
642 4044 855 4126 populeistius
874 4043 1048 4108 Provinciae
1068 4061 1084 4102 a
1103 4040 1189 4102 vobis

29 4209 30 4220 ἵ
94 4127 265 4216 redemptos
284 4138 419 4198 salutant
436 4138 536 4218 itaque
556 4137 738 4216 communem
756 4136 957 4214 Excellentiae
975 4145 1089 4200 vestrae
1100 4129 1188 4192 Chri·

29 4223 31 4280 l
98 4223 268 4310 stianitatem
293 4228 392 4290 cuncti
416 4229 591 4291 Sacerdotes
604 4225 773 4307 'et-Clesus
797 4229 882 4292 istius
906 4235 1107 4292 sacrosanctae
1128 4224 1188 4289 Ca·

97 4314 280 4403 thelicae-et
303 4321 494 4402 Apostolieae
524 4322 674 4384 Romanae
703 4323 861 4386 Ecclesiae.
914 4320 1049 4382 salutant
1077 4339 1129 4382 vos
1158 4329 1189 4380 et

101 4425 214 4493 cunctus
242 4415 404 4478 Procerum
427 4413 558 4478 ,Senatus
590 4426 677 4498 atque
701 4417 815 4486 ‚diversi
844 4411 948 4499 populi
973 4412 1187 4495 congregatio,
