2960 5094
640 577 646 586 .
793 471 850 542 52

272 638 353 701 xlv.
391 637 444 697 De
469 633 606 696 divinis
631 640 666 691 et
690 626 892 709 sortilegis.
1004 665 1009 677 .

290 733 355 794 XV.
392 729 447 790 De
471 726 576 809 ligno
602 723 737 786 lricato
763 723 805 784 de
830 707 952 802 lignb,
979 713 1015 774 id
1040 723 1095 774 est
1119 705 1282 792 Nodfys.

273 857 473 874 Μ

234 918 236 926 ’
311 915 396 991 bem,
421 911 474 976 sed
493 910 571 994 apusl
591 929 745 992 proceres,
772 907 849 988 apud
868 903 1050 973 sacerdotes,
1079 918 1110 960 se
1131 895 1208 958 enirn
1227 893 1379 954 ministros

310 1001 455 1082 Deorum,
474 1005 540 1066 illos
560 1002 694 1065 conscios
714 1010 827 1081 putant

180 1178 184 1186 Ι
275 1100 418 1164 Germani
435 1119 498 1160 non
516 1097 666 1157 minosex
684 1089 797 1154 recenti
816 1089 908 1150 boum
926 1098 1057 1148 stercore
1077 1082 1295 1167 augurabantur
1310 1077 1379 1142 fau·

263 1193 318 1254 'sta
342 1211 524 1266 successura,
550 1199 708 1249 exuetere
732 1203 803 1246 vero
824 1180 960 1252 inlausta,
985 1191 1019 1238 ut
1043 1198 1077 1238 ex
1095 1175 1201 1258 adagio
1220 1171 1380 1254 superstite

275 1285 449 1366 colligimus.
479 1280 604 1364 Augurii
625 1297 658 1338 ex
677 1274 892 1337 sternutatione
911 1272 1067 1354 vestigium
1086 1269 1207 1347 adparet
1219 1286 1253 1326 ex
1263 1265 1379 1324 formu·
1468 1295 1473 1341 ἶ

276 1377 322 1453 lis,
346 1377 426 1458 queis
446 1370 620 1436 sternutanti
639 1367 840 1444 adclamamus,
859 1366 938 1428 unde
958 1363 1048 1445 vulgo
1068 1359 1212 1420 inierunt:
1238 1377 1310 1439 ergo
1330 1375 1379 1416 res
1470 1359 1473 1430 l

273 1489 342 1534 sera
363 1481 415 1544 est,
435 1487 507 1547 ergo
526 1485 573 1524 res
593 1463 670 1524 bene
689 1460 835 1522 succedet
874 1459 937 1541 [Er
954 1455 1004 1518 dot
1022 1477 1052 1516 es
1070 1451 1212 1531 mansu]
1259 1471 1264 1482 ¹

331 1562 412 1622 XIV.
450 1559 499 1620 De
517 1555 621 1616 divinis
639 1569 665 1616 et
683 1554 833 1631 sortilegis.
871 1549 974 1615 Divini
992 1557 1147 1619 vocantur,
1167 1543 1217 1624 qui
1227 1540 1382 1602 divinitate

274 1654 383 1736 plenos
410 1672 441 1713 se
461 1649 600 1712 simulant
619 1661 649 1708 et
668 1647 771 1708 astutia
791 1647 915 1725 quadam
934 1641 1118 1704 fraudulenta
1138 1635 1305 1698 hominihus
1324 1633 1382 1692 im·
1468 1679 1472 1715 ἶ

275 1756 395 1828 ponunt
413 1743 513 1807 lutura
533 1741 739 1802 coniectando.
778 1738 943 1822 Gregorius
955 1737 1012 1796 111.
1031 1734 1112 1816 Papa
1131 1730 1162 1790 in
1180 1727 1295 1790 iudiciis
1307 1747 1382 1803 poe·
1471 1723 1472 1732 ’

273 1834 477 1913 ηξιοηιίαῐίὂω,
497 1841 625 1918 cap-16:
1383 1817 1386 1820 ¹

311 1929 429 1990 Harioli
448 1939 532 2004 suut,¹
545 1928 595 2007 qui
614 1921 690 1988 eirc'a
710 1945 773 1986 aras
793 1922 941 1984 idolorum
957 1919 1122 1982 sacrificant
1199 1916 1223 1976 si
1244 1913 1308 1994 quia
1327 1933 1382 1973 au-

313 2022 409 2104 guria,
429 2021 566 2100 auspicia,
589 2019 784 2082 divinationes
803 2013 851 2079 vel
872 2015 922 2095 qui
942 2025 1043 2077 votum
1060 2010 1176 2075 voverit
1193 2019 1312 2088 praeter
1331 2027 1383 2066 ec-

314 2114 447 2188 clesiam,
477 2113 525 2174 vel
554 2113 604 2194 qui
629 2111 823 2174 divinationes
848 2106 962 2170 iaciunt
985 2107 1017 2166 in
1040 2101 1286 2184 incantationibus
1310 2099 1389 2176 suis,

278 2235 280 2243 ·
315 2205 396 2287 quod
416 2205 538 2266 omnino
560 2204 737 2266 diabolicum
757 2213 810 2277 est,
829 2211 889 2262 tres
910 2219 1004 2260 anuos
1024 2196 1184 2278 poeniteat.

275 2295 324 2360 Ite
343 2297 491 2382 sortilegis
513 2297 681 2360 Concilium
700 2295 925 2355 Antisidoreuse
946 2290 1016 2350 anni
1034 2293 1102 2364 668,
1122 2291 1228 2369 cap.3:

313 2391 385 2454 Non
404 2391 474 2452 licet
493 2390 530 2450 ad
549 2389 706 2468 sortilegos
725 2385 772 2448 vel
793 2385 829 2444 ad
848 2383 976 2464 auspicia
995 2381 1153 2462 respicere,
1172 2399 1228 2440 nec
1239 2376 1276 2437 ad
1286 2386 1387 2438 sortes
1471 2415 1472 2420 κ

318 2504 389 2562 quas
409 2492 578 2542 sanctorum
597 2489 713 2553 vocant,
733 2476 781 2538 vel
801 2497 871 2557 quas
891 2477 927 2538 de
947 2475 1031 2559 ligno
1051 2485 1101 2534 aut
1120 2473 1157 2533 de
1177 2491 1254 2553 pane
1270 2469 1386 2530 iaciunt
1471 2459 1473 2536 ἶ

319 2573 479 2654 adspicere.
584 2645 586 2650 Ι
697 2583 700 2590 “

278 2667 382 2728 Sortes
401 2675 569 2726 sauctorum
587 2675 745 2727 vocantur:
770 2664 914 2744 inspectio
936 2661 1082 2746 evangelii
1102 2672 1152 2722 aut
1171 2658 1290 2720 alterius
1309 2655 1383 2718 libri
1472 2635 1473 2693 i

278 2759 367 2820 sacri:
395 2763 465 2838 cum·
480 2757 617 2817 nimirum
636 2768 740 2836 aperto
759 2755 837 2816 libro
859 2756 997 2834 quicquid
1017 2756 1143 2835 primurn
1162 2751 1255 2813 oculis
1275 2770 1383 2809 occur-

279 2850 367 2923 rerit,
396 2870 452 2928 pro
480 2860 560 2910 sorte
584 2849 632 2910 vel
658 2847 769 2908 oraculi
793 2847 861 2907 loco
885 2846 1058 2907 habebatur.
1108 2845 1186 2906 Hinc
1212 2841 1400 2925 Capitulare.

281 2941 383 3006 Caroli
402 2941 444 3002 Μ.
464 2962 489 3002 c.
501 2948 552 3008 22:
577 2939 688 3003 divinm
706 2956 733 3003 et
751 2941 901 3017 sondegos
919 2933 1043 3002 ecclesiis
1061 2954 1087 3000 et
1104 2935 1296 3000 inamatus
1314 2932 1387 2996 dau-i

279 3038 488 3117 cambutam,
507 3035 618 3096 scilicet
634 3035 799 3117 puniendos
820 3044 850 3094 et
869 3034 1076 3094 emendandos.
1116 3032 1197 3113 [cn.
1213 3031 1384 3108 Strobos,

278 3127 378 3192 Lebaia
396 3130 480 3206 Jcsu,
502 3128 571 3190 edit.
590 3135 629 3202 3.,
649 3128 691 3203 II,
709 3133 738 3201 3,
757 3133 805 3202 57,
825 3147 854 3206 p.
866 3126 947 3206 513.]

289 3307 293 3314 1
335 3224 400 3284 XV.
438 3221 489 3283 Dc
505 3223 585 3300 ligno
596 3222 715 3304 fricato
733 3217 768 3278 de
786 3219 881 3294 ligato,
899 3215 933 3277 id
950 3231 990 3277 est
1008 3213 1144 3299 Nodfyr.
1175 3217 1288 3278 Plinius
1311 3216 1381 3278 hist.

280 3327 376 3374 natur.
395 3315 477 3392 XVI,
496 3322 535 3383 40
550 3324 707 3376 memorat:
777 3369 779 3374 .

319 3405 441 3464 Teritnr
464 3407 577 3487 lignum
601 3407 700 3489 ligno,
731 3405 890 3488 ignemque
916 3403 1047 3484 concipit
1072 3403 1187 3477 attritu,
1218 3401 1387 3480 excipiente

318 3496 440 3556 materia
459 3497 532 3556 aridi
552 3497 677 3572 fomitis,
707 3497 791 3577 iungi
810 3497 857 3557 vel
877 3497 1016 3556 loliorum
1036 3496 1173 3555 facillime
1193 3506 1386 3574 conceptum.
1476 3551 1477 3560 ,

281 3585 407 3670 Naclfst
425 3587 516 3670 igitur
535 3587 612 3648 bene
632 3587 791 3648 derivatum
811 3607 828 3646 a
846 3585 975 3666 N‘o'tlten,
1001 3607 1109 3670 cogere
1136 3597 1167 3646 et
1181 3589 1259 3670 fyr,
1275 3591 1387 3670 fener,
1476 3567 1477 3620 l

281 3681 367 3762 ignes
388 3701 422 3742 ex
441 3680 523 3762 ligno
544 3679 647 3740 coacti.
676 3680 720 3737 Ut
739 3690 835 3738 autem
847 3679 1005 3760 pleraeque
1018 3681 1242 3744 consuetudines
1251 3694 1389 3745 vetustae
1476 3677 1477 3696 ¹

281 3773 316 3833 in
334 3774 572 3853 superstitionem
591 3771 705 3846 abiere,
725 3771 766 3832 sic
786 3783 816 3832 et
834 3772 910 3854 ignis
930 3774 1085 3836 fricatione
1105 3775 1242 3836 excitatus
1261 3788 1391 3840 saceret
1476 3779 1477 3802 ³

202 3946 208 3954 ἢ
261 3864 366 3928 ,malis
384 3865 609 3926 averruncaudis
627 3863 705 3924 utilis
725 3883 787 3926 esse
807 3867 931 3926 creditus
952 3881 1005 3944 est,
1025 3866 1153 3946 olimque
1173 3868 1318 3928 adhibitus
1333 3868 1386 3928 lu·
1476 3909 1477 3952 ,

284 3957 421 4020 strationi
441 3969 471 4018 et
489 3958 612 4020 victimis
632 3957 847 4034 comburendis,
867 3961 903 4018 ad
922 3960 1005 4042 ignes
1024 3959 1173 4040 paschales
1193 3960 1385 4022 inhonorem

283 4051 369 4120 Deua
386 4049 511 4110 Ecetrae
530 4071 585 4110 nec
609 4071 671 4110 nou
691 4051 728 4109 ad
745 4053 826 4125 ignes
844 4072 863 4109 a
882 4050 915 4111 S.
935 4047 1071 4115 Jodmme
1088 4050 1193 4128 dictos,
1212 4051 1289 4114 torte
1310 4051 1385 4114 olim

284 4143 352 4206 Iovi
375 4143 513 4224 proprios
538 4143 658 4202 accendi
681 4141 794 4202 solitos.
844 4141 907 4204 Hos
937 4143 1019 4224 ignes
1049 4145 1081 4204 in
1106 4143 1283 4206 Germaniae
1308 4145 1386 4208 locis
1476 4141 1477 4144 ¹

286 4253 373 4312 quam
397 4233 528 4316 pluribus
553 4235 646 4295 adhuc
669 4234 790 4295 usitatos
815 4237 865 4316 qni
889 4233 1095 4316 pertranseunt
1120 4249 1169 4298 aut
1185 4243 1246 4318 'per
1270 4235 1387 4300 sumum
1476 4221 1477 4278 Ῐ

286 4343 389 4384 eorum
410 4339 532 4388 currunt
549 4326 609 4389 sire
629 4326 762 4388 homines
782 4328 841 4391 sive
861 4327 1011 4406 animalia,
1031 4351 1108 4392 anno
1129 4331 1246 4412 integro
1268 4350 1283 4391 a
1304 4329 1386 4392 febri

285 4415 406 4496 aliisque
425 4421 536 4483 morbis
555 4419 641 4483 liberi
655 4411 807 4502 putantur.
