2900 5086
65 585 145 656 post
163 574 237 642 haec
250 570 355 634 ancilla
368 579 540 656 permaneat
554 571 586 630 in
602 581 788 651 perpetuum,
807 581 838 632 et
850 570 1016 652 quicunqne
1028 591 1061 632 ex
1073 566 1178 634 canati

64 671 198 745 luerint,
207 667 283 754 servi
296 678 325 728 et
335 666 458 732 ancillae
467 676 544 728 sunt
569 663 630 740 Qui
641 664 787 742 furtivam,
799 661 1178 750 quodZougenzuclu1)di.·
1196 745 1200 752 ³

65 764 162 839 citur,
181 783 271 844 super
291 760 385 820 lurein
402 758 598 839 comprobare
619 757 793 836 nequiverit,
814 757 923 822 furtivo
934 773 1073 836 compon.
1084 778 1178 818 more·

67 855 137 932 Qui
160 853 303 915 resisterit
323 849 440 912 domum
459 872 551 926 suam,
572 849 652 930 quod
671 847 827 910 selisucden
846 851 959 928 dicunt,
979 849 1095 930 qualem
1114 873 1178 912 rem

66 949 212 1028 querenti
242 945 412 1021 resistebat,
445 943 532 1004 talem
564 953 725 1022 componat
771 942 802 1000 in
838 943 956 1023 publico
993 941 1056 1001 XL.
1091 941 1177 1004 solidi

67 1042 137 1118 Qui
158 1063 277 1102 uranum
296 1035 504 1098 immissionem
523 1034 683 1124 resisterit,
706 1035 787 1114 quod
805 1033 958 1095 Hootelod
974 1035 1096 1110 dIcitur,
1115 1037 1177 1097 XL.-

65 1135 160 1195 solid.
182 1133 277 1196 solvat
296 1131 327 1191 in
347 1130 482 1212 publico,
502 1141 532 1198 et
550 1129 641 1208 ipsam
660 1147 723 1187 rem
744 1129 897 1209 quaerenti
914 1128 1027 1190 reddat
1064 1127 1113 1190 De
1133 1129 1178 1190 his

65 1227 122 1308 qni
145 1225 321 1309 supradictis
340 1222 505 1302 homicidiis
526 1221 623 1282 dehita
643 1231 739 1280 morte
760 1220 792 1279 in
812 1219 921 1281 furtivo
941 1221 1084 1301 repertis,
1101 1234 1135 1282 ut
1153 1223 1178 1283 si

66 1319 139 1400 quis
161 1320 246 1380 huius
266 1317 415 1379 interlecti
435 1313 615 1398 parentelae,
638 1334 703 1373 eum
725 1313 775 1392 qui
794 1335 848 1374 suo
868 1314 978 1375 scelere
998 1325 1101 1394 captus
1123 1325 1179 1390 est,

63 1413 226 1474 vindicare
252 1409 426 1484 tentaverit,
453 1425 474 1469 a
499 1407 621 1490 propria
647 1403 732 1466 alode
761 1407 872 1468 alienus
899 1406 1051 1468 efficiatur.
1089 1409 1129 1468 Et
1153 1407 1179 1468 si

66 1504 139 1584 quis
161 1503 286 1590 signum,
307 1503 386 1587 quod
407 1513 451 1562 est
469 1499 608 1584 sigillum,
627 1498 860 1578 inhonoraverit,
879 1500 927 1563 vel
946 1499 1113 1560 huiusmodi
1131 1501 1179 1561 in-

64 1594 175 1656 iuncta
195 1597 314 1657 minime
325 1595 510 1676 impleverit,
529 1595 623 1676 prima
642 1592 705 1654 vice
725 1606 878 1676 arguetur,
896 1593 1025 1654 secunda
1043 1591 1105 1651 XL.
1124 1593 1178 1654 sola

67 1702 246 1772 componat,
266 1690 323 1750 III.
342 1710 425 1748 suum
436 1689 665 1768 Weregeldum,
684 1685 737 1744 IV.
758 1685 966 1747 extraminetur
985 1685 1021 1746 ab
1042 1699 1108 1748 acto
1129 1689 1178 1748 of·
1220 1709 1224 1716 ·

67 1783 154 1868 ficio,
192 1783 236 1842 Ut
255 1783 279 1862 si
299 1781 363 1862 quis
383 1780 521 1840 iudicium
541 1781 612 1840 furti
636 1779 667 1838 in
687 1777 757 1850 hina
776 1777 824 1841 vel
843 1793 927 1840 terna
947 1780 1179 1860 reprehensione

67 1897 147 1943 non„
160 1875 356 1950 damnaverit,
384 1885 414 1934 et
434 1895 500 1934 eum
522 1869 669 1934 diabolico
690 1870 774 1932 lucro
796 1873 951 1950 dimiserit,
970 1885 1004 1933 ut
1022 1873 1180 1960 perillum

69 1969 160 2058 quasi
178 1967 393 2048 conparticeps,
411 1988 574 2046 pauperum
589 1965 691 2046 spoliis
706 1969 879 2042 ditarentur,
897 1978 945 2026 tot
963 1966 1082 2028 sceleris
1099 1961 1179 2050 quod
1258 2002 1264 2012 ·

69 2059 257 2120 commiserit
281 2071 348 2119 ante
375 2059 476 2119 oculos
500 2059 559 2119 Dei
585 2070 615 2119 et
640 2061 812 2144 angelorum
839 2060 1000 2137 efficiatur,
1030 2072 1060 2121 et
1082 2056 1179 2138 nihilo

68 2153 176 2212 minus
194 2152 274 2212 cuius
295 2149 427 2212 fraudem
447 2151 562 2236 feccrit,
583 2145 663 2232 quasi
683 2155 836 2238 proprium
856 2165 1017 2234 componat
1037 2147 1177 2214 debitum.

68 2247 118 2304 Ut
136 2235 163 2308 si
184 2246 246 2326 quis
265 2245 296 2306 in
315 2245 424 2308 virtute
445 2246 629 2320 coniunctus,
648 2267 664 2306 a
680 2241 807 2328 coniuge
824 2247 945 2326 propria
958 2247 1121 2309 adulterina
1132 2269 1181 2310 se·
1235 2265 1241 2282 ·

70 2350 195 2420 paratus
208 2338 306 2416 fuerit,
327 2340 447 2422 eiusque
467 2360 501 2399 en
515 2339 694 2421 cognatione
707 2339 840 2430 coniugis
855 2348 979 2418 propter
994 2339 1116 2398 eandem
1135 2341 1179 2400 di-

69 2429 245 2490 missionem
255 2433 287 2510 ²)
309 2454 384 2512 quae
405 2454 470 2492 cum
490 2432 629 2512 persequi
651 2432 824 2506 tentaverit,
855 2451 871 2490 a
891 2429 1015 2516 proprio
1036 2425 1180 2496 alienetur

71 2523 267 2608 patrimonio.
307 2524 350 2584 Ut
369 2524 465 2586 nullus
486 2537 722 2610 postttonsuram
743 2523 864 2606 capillos
883 2546 937 2584 usu
961 2523 1097 2604 populari
1123 2547 1179 2586 nu-

70 2614 150 2678 trire
175 2628 353 2698 praesumat:
385 2638 442 2678 nec
464 2617 575 2693 velata,
606 2619 710 2685 relicto
735 2619 819 2694 velo,
844 2616 1022 2678 saecularem
1047 2617 1196 2680 habitum.

72 2721 180 2770 sumat.
214 2711 257 2770 Ut
276 2710 300 2772 si
320 2709 384 2792 quis
404 2709 451 2772 vel
472 2711 579 2790 quain
599 2712 656 2774 hoc
675 2713 749 2780 vitio
769 2702 1021 2795 reperti‘suerint,
1040 2722 1090 2773 aut
1110 2733 1179 2774 cor·
1217 2766 1229 2788 ,

71 2804 222 2886 ripiantur
240 2815 290 2864 aut
310 2803 606 2866 excommunicentur.

531 2965 730 2974 -υ--ι--η-ι-,κ-

531 3110 729 3188 LXXXVI.

305 3237 540 3298 Eirinon-dl
564 3235 953 3313 connumeratorum).

134 3382 283 3446 Dominus
309 3405 344 3446 ae
367 3385 539 3464 redemptor
562 3396 664 3446 noster
688 3383 882 3464 corporaliter
900 3386 932 3449 in
951 3385 1038 3446 terris
1058 3401 1182 3450 conver·

77 3489 174 3554 satus,
203 3477 338 3540 homines
357 3476 443 3540 variis
462 3490 650 3558 pcccatorum
670 3478 805 3544 sordibus
823 3479 992 3559 inquinatos
1011 3499 1181 3544 ammonere
1267 3549 1270 3558 ¹

77 3571 286 3653 dignatusest,
306 3573 419 3634 dicensi
440 3571 506 3632 date
519 3571 719 3647 elemosinam,
738 3582 769 3632 et
788 3592 857 3634 ecce
877 3571 975 3634 omnia
993 3573 1101 3634 munda
1112 3587 1181 3638 sunt

78 3665 183 3740 vobis,
211 3665 386 3728 etiterum:
416 3663 504 3726 facite
529 3665 614 3726 vohis
639 3659 747 3732 amicos
767 3665 804 3728 de
823 3684 989 3727 mammona
1008 3663 1182 3746 iniquitatis,

79 3757 132 3836 qui
151 3777 205 3818 ros
223 3757 369 3838 recipiant
387 3757 420 3818 in
439 3767 558 3821 aeterna
577 3758 776 3820 tabernacula.
813 3758 930 3818 Idcirco
954 3773 1009 3820 nos
1034 3758 1066 3820 in
1090 3758 1181 3838 ipsius
1267 3771 1268 3778 ’

79 3849 139 3910 Dei
165 3851 391 3932 omnipotentis,
420 3862 450 3912 et
473 3849 527 3912 ista
551 3851 679 3914 iubentis
703 3851 823 3915 nomine
840 3848 1012 3916 Eutardn
1038 3863 1069 3912 et
1085 3851 1182 3912 Immo

13 3985 14 3988 ,
80 3941 167 4002 simul
187 3944 225 4006 de
244 3945 336 4006 salute
355 3942 515 4008 animarum
534 3955 700 4006 nostrarum
728 3943 891 4025 cogitantes
917 3956 948 4008 et
972 3943 1183 4008 deabotendii
1245 3937 1289 4018 '·‚

81 4035 336 4116 peccatisnostris
355 4037 572 4118 beataequeae
592 4047 751 4118 perpetuae
770 4036 846 4100 vitae
865 4037 983 4118 premiis
996 4055 1183 4114 consequens

118 4237 144 4289 ‚ll
158 4236 329 4296 Zengmthum.
395 4239 418 4292 ²)
433 4239 462 4282 In
474 4239 518 4284 der·
530 4235 684 4297 flmmeum
695 4231 836 4287 diocletiono.

121 4303 144 4354 ⁸)
162 4302 190 4346 G.
206 4301 321 4361 norman,
341 4303 455 4359 Antiquit.
470 4305 666 4363 Lndrishamenm
682 4321 706 4364 p.
719 4311 747 4350 41
763 4308 806 4352 der
820 4307 909 4354 iilteren
926 4299 1049 4363 Ansgabeq
1065 4318 1089 4362 p.
1104 4305 1134 4350 22
1146 4317 1182 4362 uqa
1275 4323 1283 4336 ·

82 4365 107 4410 in
120 4369 311 4430 derSammlung
330 4383 378 4415 von
398 4367 515 4426 Jounnca,
542 4372 627 4429 Seript.
646 4371 727 4420 histor.
746 4375 877 4430 moguntin,
896 4374 982 4416 insere.
1009 4371 1079 4416 Tomi
1100 4365 1185 4428 novera

84 4433 179 4488 kaf.
196 4441 268 4496 1717,
281 4438 326 4484 fol.
352 4439 377 4482 S.
393 4438 453 4484 ruet
466 4439 511 4484 den
525 4438 604 4487 cotos
618 4439 827 4497 huriahantencin,
847 4443 900 4488 Vol.
915 4441 936 4496 1,
950 4455 974 4498 p.
984 4442 1018 4484 ‘to
1032 4451 1082 4495 sqqr

853 4504 946 4590 [⁸*l‘
