2908 5094
838 347 848 373 ,Κ

1068 409 1074 438 l

16 603 18 610 ¹
86 587 251 693 peratoris,
263 611 323 672 filio
342 632 395 673 suo
416 611 595 686 illudowico
614 601 789 672 tradidisset)
831 609 897 682 llll.
909 627 1011 672 omnes
1030 597 1188 676 exultando

86 707 321 785 responderunt,
347 706 407 765 Dei
432 705 662 765 admonitionem
686 724 747 765 esse
767 703 843 777 illius
862 705 916 766 rei.
967 704 1056 780 Quod
1076 705 1184 768 lactum

27 797 32 802 ’
84 799 115 856 in
134 799 268 877 proxima
283 798 336 857 dci
357 797 503 856 dominica
524 797 640 856 ornavit
658 817 688 856 se
708 799 785 877 cultp
803 798 906 880 regio,
926 809 956 858 et
976 817 1115 860 coronam
1135 821 1184 860 ca-

81 892 135 970 piti
155 913 210 951 suo
231 889 387 970 imposuit;
407 889 561 968 incedebat
581 888 657 949 clare
677 889 827 952 decoratus
848 903 879 954 et
898 901 1034 966 ornatus,
1060 891 1135 952 sicut
1156 894 1183 956 ei

82 985 232 1044 decuerat.
272 983 405 1066 Perrexit
424 982 459 1041 ad
474 980 648 1058 ecclesiam,
673 1002 759 1059 quam
782 984 842 1062 ipse
862 1005 879 1044 a
899 983 1090 1044 fundamento
1111 1005 1183 1044 cou-

80 1089 237 1152 struxerat,
257 1075 392 1156 pervenit
412 1087 478 1134 ante
499 1074 588 1136 altare
610 1075 689 1153 quod
701 1085 764 1133 erat
774 1073 804 1132 in
817 1075 1001 1138 eminentiori
1020 1075 1088 1136 loco
1110 1099 1182 1138 con-

80 1181 228 1230 structum
249 1168 371 1229 caeteris
391 1167 539 1241 altaribus,
559 1181 589 1228 et
609 1177 813 1228 consecratum
832 1165 983 1228 inhonore
995 1170 1107 1230 domini
1125 1191 1182 1230 no·
1226 1169 1229 1176 ’

78 1263 132 1322 stri
151 1263 229 1321 Jesu
251 1261 374 1331 christe
394 1282 481 1340 super
501 1257 741 1338 quod'corouam
762 1279 894 1332 auream,
909 1260 1005 1321 »aliam
1026 1283 1111 1341 quarn
1129 1264 1181 1326 illc
1275 1329 1280 1346 .

16 1415 17 1418 ,
79 1340 221 1436 gestabat
239 1353 269 1412 in
290 1353 474 1433 capitestro,
500 1353 581 1412 iussit
604 1353 731 1432 imponi.¹
775 1351 936 1430 Postquam
957 1353 1005 1412 diu
1023 1361 1181 1419 oraverunt
1260 1405 1263 1412 .

78 1447 143 1526 ipse
166 1458 198 1506 et
216 1447 289 1506 lilius
310 1447 380 1521 eius,
400 1447 513 1508 locutus
534 1457 578 1506 est
597 1447 633 1506 ad
653 1445 744 1505 hlium
763 1465 846 1508 suum
863 1465 962 1504 coram
984 1449 1063 1510 omni
1081 1450 1180 1510 multi.

76 1539 184 1600 tudine
204 1533 377 1619 pontificum
398 1551 428 1599 et
448 1541 619 1620 optimatum
645 1559 778 1614 suorum,
803 1538 963 1600 admonens
991 1558 1057 1598 eum
1080 1541 1180 1620 impri-
1216 1567 1220 1574 ¹

77 1633 131 1692 mis
154 1633 394 1712 omnipotentem
412 1633 509 1692 Deum
529 1633 650 1714 diligere
669 1653 705 1692 ac
724 1633 839 1707 timere,
860 1631 919 1692 eius
940 1643 1099 1711 praecepta
1118 1653 1179 1694 ser-

30 1764 32 1768 >
76 1745 146 1785 vare
167 1725 200 1784 in
223 1723 368 1800 omuibus,
389 1725 522 1786 ecclesias
541 1726 600 1785 Dei
625 1725 790 1808 gubernare
816 1738 847 1788 et
866 1725 1025 1786 defendere
1046 1745 1068 1790 *a
1085 1725 1181 1803 pranis

75 1817 256 1876 hominibus.
300 1817 460 1880 Sororibus
483 1819 542 1879 suis
564 1830 594 1880 et
613 1818 751 1881 fratribus
777 1819 827 1898 qui
849 1829 932 1878 erant
951 1830 1022 1880 natu
1041 1819 1181 1894 iuniores,

77 1920 107 1968 et
126 1911 289 1988 nepotibus
309 1922 339 1970 et
360 1911 493 1972 omnihus
507 1911 686 1992 ¹propinquis
707 1911 763 1973 suis
780 1912 997 1975 indeficientem
1012 1911 1180 1972 misericor-

76 2001 158 2059 diam
179 2023 296 2080 semper
317 2005 472 2063 ostendere
492 2003 651 2082 praecepit
695 2003 812 2064 Deinde
838 2005 1004 2069 sacerdotes
1031 2005 1179 2066 honorare

75 2105 109 2152 ut
129 2105 247 2172 patres,
279 2093 423 2172 populum
449 2093 570 2174 diligere
595 2105 628 2153 ut
652 2096 744 2171 filios,
772 2097 914 2176 superbos
935 2109 965 2158 et
983 2098 1176 2178 nequissimos

74 2185 220 2250 homines,
233 2186 264 2246 in
283 2185 359 2244 viam
379 2184 477 2246 salutis
498 2195 616 2258 coactos
637 2186 777 2266 dirigere,
807 2191 1020 2252 coenobiorum
1041 2191 1177 2256 consola·
1200 2241 1213 2262 ,

75 2289 125 2338 tor
151 2279 254 2338 fuisset
280 2289 310 2336 et
334 2297 496 2357 pauperum
521 2287 613 2356 pater.
663 2277 778 2338 Fideles
802 2281 948 2348 ministros
973 2293 1005 2340 et
1023 2283 1119 2342 Deum
1138 2283 1177 2342 ti-
1207 2289 1212 2304 ’

75 2383 192 2431 mentes
213 2370 419 2445 constitueret,
445 2369 494 2449 qui
519 2389 640 2428 munera
665 2370 696 2428 in
720 2370 797 2430 iusto
818 2371 887 2430 odio
908 2371 1058 2430 haherent
1085 2373 1177 2454 ,Nul-

76 2460 139 2519 lum
161 2462 197 2520 ab
218 2463 333 2521 honore
353 2483 405 2522 suo
425 2463 489 2522 sine
510 2483 594 2522 causa
621 2461 805 2524 discretionis
831 2463 978 2538 eiecisset,
1004 2473 1035 2522 et
1057 2463 1175 2523 semeti-

75 2575 159 2632 psum
181 2547 263 2614 omni
283 2566 416 2636 tempore
437 2533 534 2615 c'oram
553 2555 620 2613 Deo
643 2566 673 2614 et
693 2557 774 2616 omui
793 2556 905 2636 populo
925 2555 1176 2636 inreprehensibi-

75 2645 133 2706 lem
159 2648 369 2709 demonstrare.
414 2636 576 2726 'Postquam
606 2647 678 2708 haec
707 2649 796 2710 verba
827 2661 857 2709 et
883 2649 937 2708 alia
962 2651 1052 2708 multa
1078 2669 1176 2710 coram

75 2740 261 2803 multitudine
283 2741 348 2802 ‘filio
372 2763 425 2802 suo
452 2740 635 2816 ostenderet,
662 2741 855 2823 interrogavit
875 2747 957 2817 edm,
971 2740 1008 2813 ¹si
1033 2743 1174 2804 obediens

75 2831 217 2894 voluisset
243 2855 305 2894 esse
329 2835 493 2916 praeceptis
518 2833 584 2894 suis.
629 2834 669 2894 At
688 2834 737 2896 ille
757 2837 925 2916 respoudit,
951 2827 1078 2898 liheuter
1098 2837 1172 2898 ohe-

76 2922 146 3000 di're,
167 2939 198 2987 et
219 2949 284 2986 cum
304 2929 362 2987 Dei
389 2929 535 2988 adiutorio
559 2928 659 2987 omnia
686 2939 858 3007 praecepta,
885 2949 960 3008 quae
984 2931 1173 2991 mandaverat

77 3015 101 3072 ti
119 3031 216 3097 pater,
233 3021 392 3100 custodire.
431 3023 516 3081 Tune
536 3021 617 3080 iussit
637 3039 702 3080 enm
722 3031 821 3099 pater,
841 3031 874 3079 ut
892 3022 1019 3101 propriis
1037 3023 1171 3082 manibus

77 3105 386 3192 elevassetcoronam,
407 3125 564 3194 quae-erat
583 3133 670 3192 super
690 3113 790 3187 altare,
811 3123 842 3170 et
854 3112 948 3191 ‘capiti
961 3132 1015 3172 suo
1035 3113 1191 3192 impone*

75 3212 118 3258 ret
136 3205 176 3264 oh
197 3200 434 3272 recordationem
455 3205 584 3266 omnium
611 3216 853 3285 praeceptorum,
880 3224 953 3282 quae
985 3205 1172 3263 mandaverat

17 3355 18 3358 ,
76 3291 100 3349 εἰ
117 3308 216 3373 pater.
254 3298 294 3356 At
312 3299 360 3359 ille
380 3299 538 3359 iussionem
565 3299 655 3376 patris
674 3297 815 3376 implevit.
861 3295 1096 3370 Quodxfactum,
1120 3315 1170 3354 au·
1230 3337 1232 3347 .
1334 3345 1341 3368 ,

76 3383 182 3450 dientes
203 3388 355 3452 missarum
380 3391 533 3452 sollemnia
558 3389 641 3448 ibant
660 3389 697 3446 ad
720 3385 868 3465 palatium.
923 3385 1069 3448 Sustinuit
1093 3387 1170 3447 enirn
1257 3391 1261 3394 ’

75 3473 143 3539 filius
163 3493 279 3561 patrem
306 3483 403 3542 eundo
430 3493 460 3542 et
483 3473 651 3555 redeundo,
680 3477 817 3560 quamdiu
846 3499 910 3538 cum
936 3499 972 3540 eo
1000 3480 1169 3541 eratfilius.

74 3565 138 3630 Non
162 3587 234 3654 post
263 3574 369 3636 multos
396 3575 456 3636 dies
480 3569 640 3656 magnificis
666 3573 750 3634 donis
776 3583 806 3632 et
829 3571 988 3645 innmneris
1012 3573 1170 3650 honoravit

75 3678 135 3724 tum
155 3680 242 3748 pater
262 3688 338 3740 suus,
359 3679 389 3726 et
408 3664 515 3726 dimisit
541 3685 607 3726 eum
630 3667 674 3726 ire
698 3664 894 3745 Aquitaniam.
938 3665 1103 3744 Antequam
1123 3665 1169 3724 di..

74 3752 123 3814 visi
141 3759 275 3836 fuissent,
290 3760 490 3839 amplexantes
511 3758 588 3817 enim
608 3780 639 3818 se
652 3771 682 3818 et
693 3757 867 3830 osculantes,
887 3767 1010 3836 propter
1029 3757 1167 3840 gaudium
1198 3799 1202 3804 -

75 3852 174 3912 amoris
195 3854 268 3912 flere
289 3863 460 3932 coeperunt.
499 3849 553 3910 Ille
579 3850 706 3932 perrexit
724 3849 755 3908 in
775 3849 973 3928 Aquitaniam,
994 3859 1024 3908 et
1043 3851 1165 3910 domnus

74 3930 231 4016 imperator
254 3943 357 4008 matut
372 3964 496 4026 regnum
522 3954 551 4004 et
576 3963 687 4006 nomen
710 3962 793 4004 suum
817 3941 996 4019 honorifice,
1021 3941 1096 4002 sicut
1121 3939 1166 3998 di.

75 4045 252 4106 genuerat
279 4063 282 4083 ·
463 4041 471 4056 “

16 4193 17 4212 ,
128 4122 285 4209 Postquam
305 4127 387 4190 divisi
407 4128 533 4206 inerant,
553 4130 676 4190 domnus
695 4127 856 4208 imperator
875 4127 948 4188 nihil
969 4123 1046 4184 aliud
1066 4119 1181 4199 coepit*

16 4217 18 4296 l
77 4227 168 4296 agere,
187 4223 243 4282 nisi
262 4223 293 4280 in
314 4221 495 4282 orationibus
516 4233 547 4281 et
565 4221 756 4303 eleemosynis
781 4239 885 4288 vacare
907 4229 937 4278 et
955 4215 1047 4274 libros
1071 4213 1165 4274 corri-

16 4299 19 4400 Ι
76 4319 149 4380 here·
186 4316 226 4374 Et
246 4323 372 4394 quatuor
392 4311 541 4394 evangelia
562 4312 688 4391 Christi,
709 4333 782 4395 quae
801 4307 1027 4392 praetitulantur
1044 4305 1165 4368 nomine
1196 4316 1203 4327 “

16 4409 17 4442 ;
48 4389 225 4484 hautot,
243 4405 352 4483 Marci,
371 4405 469 4468 Lucae
489 4415 520 4466 et
537 4405 695 4484 Johauuis,
725 4401 755 4465 in
781 4403 885 4464 ultimo
910 4407 979 4460 ante
1004 4395 1102 4473 obitus
1120 4393 1164 4462 sui
1198 4479 1203 4503 Ι
