2900 5086
80 3203 85 3213 ¹
290 3227 399 3298 plung:

806 455 894 528 eno
989 477 993 492 ·

336 623 387 686 Ile
406 621 570 698 homicidis,
589 619 726 682 adulteris
737 629 777 682 'el
795 620 924 697 furibus,
942 619 968 681 ai
985 621 1022 682 ad
1041 620 1191 683 eeclesiam
1209 621 1418 706 confugium,

338 717 370 778 id
395 716 596 778 constituimus
622 714 852 790 observandum,
882 714 963 796 qued
987 715 1173 776 ecclesiastici
1194 735 1336 777 canones
1360 719 1415 778 de-

297 805 302 851 2
340 821 495 872 creverunt
514 821 545 869 et
563 808 609 868 lex
627 808 760 868 Romana
780 807 945 883 constituit,
974 820 1008 868 nt
1032 807 1069 868 ab
1090 807 1231 874 ecclesiae
1251 807 1341 870 atriis
1363 812 1414 872 vel

282 957 286 972 ,
339 901 430 966 dumo
448 901 590 984 Episcopi
609 918 660 961 eos
681 900 848 962 abstrahere
868 900 991 961 omnino
1010 921 1073 960 non
1093 899 1187 960 liceat.

183 1021 187 1038 ·
302 995 422 1077 ·Vergl.
442 995 615 1084 Eccurdlad
634 995 706 1078 Leg.
725 995 877 1070 Francor„
896 999 1005 1075 p-M·
1043 993 1165 1054 Murius
1182 993 1304 1072 despue,
1328 996 1409 1058 Cod.

231 1093 233 1114 '
294 1108 298 1118 ’
320 1089 470 1168 diplomat.
490 1089 590 1169 prodr.
611 1087 752 1152 dissertat.
774 1089 827 1163 lv,
846 1085 873 1168 ξ.
894 1095 942 1163 11,
962 1107 990 1167 p.
1008 1093 1075 1152 221.

301 1181 401 1244 Selbst
424 1182 475 1256 da,
503 1202 552 1242 wo
578 1181 625 1242 ein
651 1181 776 1242 frendes
798 1181 915 1240 Geselz*
934 1180 1011 1264 gall,
1041 1180 1143 1239 warde
1169 1179 1221 1240 der
1246 1181 1407 1243 Germane

300 1275 375 1334 nach
400 1273 510 1332 seinem
540 1273 747 1334 barbarischen
772 1271 885 1334 lle'chle
918 1271 1081 1355 gerichtee·
1108 1272 1197 1344 Dies
1212 1273 1323 1334 erhelll
1355 1273 1408 1334 anl

292 1359 349 1452 ¹das
368 1365 552 1426 Deutlichste
572 1387 621 1426 aus
641 1366 803 1450 folgenden
823 1365 953 1427 Stellen:
1063 1401 1066 1408 »

336 1459 408 1520 Lae
425 1459 599 1536 RiJrunrior.
620 1460 680 1520 Tic.
696 1459 810 1520 XXXI:
830 1461 873 1520 Ul
891 1459 966 1518 infra
985 1477 1093 1540 pagum
1109 1457 1321 1540 Ripnariornm
1343 1471 1402 1520 tam

335 1552 456 1629 Franci,
489 1552 732 1634 Burgundiones,
761 1551 916 1613 Alemanni
941 1570 993 1610 seu
1019 1552 1055 1612 de
1081 1571 1255 1631 quacunque
1273 1555 1401 1614 natione

294 1637 299 1648 '
335 1656 532 1706 commoratus
551 1646 650 1722 luerit,
668 1647 700 1706 in
719 1645 827 1706 iudicio
846 1643 1067 1723 interpellatur,
1086 1643 1160 1705 sicut
1178 1645 1224 1706 lex
1243 1645 1302 1706 loci
1321 1667 1399 1706 con-

286 1742 290 1756 ‘
334 1739 420 1814 tinet,
439 1737 491 1798 nbi
510 1750 594 1800 natus
615 1739 712 1813 luerit,
732 1739 771 1798 sic
790 1737 975 1815 respondeat.

297 1831 405 1891 Wenn
426 1851 456 1892 es
475 1830 506 1890 in
525 1831 626 1914 anig
643 1828 779 1890 Rotharis
798 1829 859 1890 Lex
877 1829 1101 1913 Langobardor.
1116 1829 1175 1906 ΠΙ,
1187 1835 1235 1906 11,
1255 1835 1272 1896 1
1293 1831 1396 1892 laeilst:

334 1923 448 1984 Omnes
472 1921 696 2008 Warangangi,
725 1921 775 2002 qni
805 1922 843 1982 de
871 1922 975 1983 exteris
1004 1922 1112 1982 finibus
1133 1923 1165 1982 in
1190 1924 1275 2005 regni
1302 1924 1396 1985 nostri

228 2016 232 2028 “
333 2017 441 2077 linibus
466 2015 653 2090 advenerint,
679 2033 769 2094 seque
793 2014 847 2074 snb
873 2025 956 2076 scuto
981 2016 1134 2096 poteslatis
1153 2027 1273 2077 nostrae
1293 2017 1395 2078 subdi-

334 2099 447 2185 derint,
475 2107 590 2188 legibus
613 2107 720 2168 nostris
746 2106 1009 2188 Langobardorum
1032 2110 1130 2170 rivere
1164 2108 1308 2188 debeant,
1338 2111 1394 2171 nisi

297 2229 301 2240 ·
333 2201 430 2283 legem
451 2201 536 2261 aliam
556 2221 572 2261 a
591 2211 692 2259 noslca
711 2199 821 2280 pietate
840 2202 1009 2262 meruerint.
1027 2223 1069 2250 -e
1087 2234 1125 2249 -
1190 2207 1202 2222 “

293 2313 327 2356 eo
347 2294 385 2354 ist
405 2293 453 2354 das
473 2294 570 2353 Wort
589 2293 799 2373 Warengangi
822 2283 879 2354 nnr
897 2315 957 2356 von
977 2291 1237 2372 Hernmtrcibern,
1264 2294 1392 2378 Miilsig-

293 2392 437 2469 g'ingerm
457 2385 655 2448 liederlichem
670 2385 822 2459 Gesiodel,
841 2385 970 2448 welches
988 2407 1041 2468 gar
1055 2389 1141 2450 leine
1151 2387 1287 2450 Heimath
1300 2391 1391 2476 hatte,

293 2503 330 2539 nu
349 2480 512 2543 ver-slehen.
552 2481 583 2540 S.
603 2477 759 2554 Aduung,
787 2477 918 2539 Glossar.
938 2481 1072 2541 manuale
1093 2483 1128 2543 ad
1147 2484 1247 2564 script.
1265 2485 1340 2544 med.
1362 2496 1390 2543 et

292 2571 410 2632 infimae
428 2571 579 2633 latinitatis
598 2591 640 2634 vv.
665 2571 775 2650 Vargi
796 2571 1012 2650 Woaengnngi.
1034 2575 1227 2650 concinni,
1249 2598 1275 2636 a.
1296 2598 1320 2636 a.
1342 2575 1387 2650 O7
1430 2655 1431 2658 Ἴ

292 2665 380 2724 Tom.
401 2665 433 2742 1,
460 2688 488 2746 p.
507 2673 560 2739 97,
585 2676 647 2725 not.
667 2671 685 2730 7
706 2666 765 2726 und
790 2665 829 2724 im
851 2666 974 2732 Glossar
1000 2689 1037 2728 zu
1057 2669 1113 2729 den
1134 2669 1305 2746 englisclren
1327 2671 1386 2729 Ge-

292 2769 408 2830 setzen,
432 2758 502 2816 Vol.
528 2759 587 2831 IV,
613 2777 641 2835 p.
666 2763 723 2820 l58
746 2779 771 2814 v.
793 2755 938 2832 Wargau.
989 2759 1058 2820 Date
1083 2761 1204 2821 hierson
1227 2761 1306 2822 viele
1331 2766 1384 2824 den
1429 2817 1430 2834 ,

291 2849 406 2905 Namen
427 2847 479 2902 der
497 2846 659 2918 Βαράγγοι,
687 2844 856 2932 Wmilger2
879 2850 932 2911 der
954 2853 1131 2914 nordischen
1151 2853 1320 2918 Soldatesla
1340 2879 1383 2917 am

290 2932 532 3090 gggggtinischen
545 2935 637 3013 Hofe,
656 2935 753 3002 haben
769 2939 913 3004 herleilen
927 2946 1048 3023 wellen,
1067 2948 1105 3008 in
1123 2947 1311 3010 hinr'eichend
1328 2951 1384 3011 be-

201 3159 203 3163 ,
307 3124 312 3137 ¹
351 3121 381 3181 S.
409 3121 543 3206 dagegen
568 3145 621 3184 zur
638 3123 839 3210 ¹Best‘altignng
864 3131 918 3191 der
942 3131 1022 3194 oben
1040 3133 1251 3218 :ansgestellten
1269 3133 1383 3197 Behan-

330 3307 472 3370 Ludona'ci
489 3307 541 3368 Pac
560 3309 730 3391 Capitulare
752 3314 788 3374 ad
807 3313 899 3399 Legg.
918 3315 1142 3402 Langobardor.
1168 3319 1216 3381 bei
1239 3322 1380 3401 comani,

333 3423 357 3461 a.
379 3422 403 3464 a.
424 3402 479 3477 0.‚
505 3401 592 3463 Tom.
613 3405 643 3478 Ι,
669 3427 697 3486 p.
722 3411 793 3473 182:
824 3409 857 3468 Si
882 3411 945 3490 quis
970 3414 1000 3471 in
1021 3413 1116 3474 aliena
1135 3415 1243 3494 patria,
1267 3416 1316 3475 nbi
1333 3420 1378 3478 vel

329 3506 455 3575 propter
479 3492 653 3556 beneficium
677 3500 725 3559 vel
753 3513 876 3582 propter
903 3503 988 3564 aliam
1019 3506 1178 3585 quamlibet
1203 3509 1378 3570 occasionem

300 3663 305 3672 1
332 3580 500 3648 conversari
517 3587 603 3664 solet,
623 3590 659 3649 de
679 3592 810 3670 qualibet
829 3615 912 3656 causa
932 3596 1022 3656 fuerit
1039 3598 1258 3678 interpellatus,
1277 3601 1315 3660 ibi
1332 3623 1376 3663 se-

332 3680 457 3749 cundum
476 3701 555 3740 snam
580 3681 674 3763 legem
694 3685 831 3746 iustitiam
851 3687 939 3750 saciat
958 3702 989 3749 et
1007 3711 1072 3750 cum
1091 3691 1212 3768 talibus,
1237 3695 1330 3774 quales
1348 3697 1376 3755 in

332 3772 433 3831 eadem
452 3769 576 3856 regione
596 3795 628 3835 ac
649 3778 800 3856 provincia
819 3783 978 3842 secundum
997 3783 1106 3844 habere
1130 3788 1276 3866 potuerit,
1304 3789 1375 3847 iura-

244 3918 247 3934 ,
329 3863 444 3924 toribus
461 3865 623 3948 legitimum
642 3883 853 3933 sacramentum
872 3874 957 3934 iuret.

111 3979 113 3990 ¹
221 3947 226 3956 ⁴
293 3957 377 4019 Auch
397 3956 521 4017 beiden
541 3961 674 4023 Franken
695 3966 818 4028 worden
838 3965 963 4027 Fremde
987 3967 1061 4028 nach
1086 3971 1143 4030 den
1164 3923 1311 4032 Genetaen
1333 3973 1372 4032 ih-

293 4073 339 4112 res
364 4047 555 4108 Vat'erlandes
580 4057 746 4135 genrlheilt.
785 4057 816 4117 S.
841 4057 903 4118 Lex
926 4059 1037 4138 Salica,
1063 4063 1209 4138 Lx11,2.
1255 4062 1371 4145 Capitol.

172 4222 175 4228 1
291 4144 528 4225 Aquisgranense
548 4144 583 4204 δί·
602 4153 670 4214 813:
697 4151 732 4211 de
751 4151 866 4212 iustitiis
886 4153 1024 4214 faciendis
1045 4155 1163 4239 exlege
1183 4156 1293 4232 Salina,
1316 4158 1370 4216 llo-

291 4255 376 4296 maoa
401 4247 431 4294 et
450 4233 645 4299 Gundobada.
684 4243 835 4325 Prae'cept.
857 4243 959 4306 Caroli
980 4240 1063 4310 Calvi
1088 4271 1143 4330 pro
1168 4249 1304 4330 Hispanis
1324 4270 1372 4310 seu
1421 4301 1422 4328 ἦ

165 4341 167 4348 ’
254 4402 257 4408 ¹
287 4327 400 4387 'Gothis
419 4324 449 4386 in
469 4329 621 4392 Franciam
641 4335 783 4418 profugis,
803 4359 865 4420 cap.
885 4339 941 4399 111.
979 4371 982 4378 ·

248 4415 256 4428 “’
346 4418 419 4480 Dass
444 4419 491 4480 die
516 4421 626 4487 Kinder
656 4427 721 4504 dem
748 4429 876 4493 Gesetze
907 4434 958 4495 des
983 4437 1088 4498 Valers
1113 4435 1245 4518 lolgcen,
1275 4434 1371 4497 erhellt
1420 4521 1421 4545 Χ
