2900 5086
566 409 681 502 'aas
861 411 865 420 '

10 628 12 685 ᾗ
65 613 168 680 care,
181 591 222 657 'si
239 587 381 672 voluerit,
410 603 565 674 antequam
589 616 736 679 pugnam,
766 617 841 678 qnae
860 597 1032 662 Wehadine
1050 615 1182 682 vocatur,

65 689 240 770 permittat.
277 689 325 750 De
345 709 398 765 eo,
428 687 556 769 quisquis
576 687 612 748 de
632 688 727 750 nobili
746 711 856 773 genere
876 691 1072 772 deprehensus
1092 698 1182 760 fuerit

67 784 111 846 de
142 781 202 843 illis·
222 783 274 842 IV.
301 781 409 856 causis,
442 781 479 840 de
504 781 609 860 quibus
633 783 873 862 supradiximus,
904 785 928 845 si
947 781 998 848 ille
1017 786 1180 854 hereditate

10 871 11 874 ’
64 895 126 936 sua
149 876 320 956 portionem
340 894 396 957 pro
415 861 640 936 illiuscrimInis
659 887 742 936 reatu
761 879 874 957 perdat,
892 881 966 938 uxot
983 891 1082 941 autem
1102 883 1179 946 illius

64 987 130 1028 suo
153 969 218 1029 iure
237 989 300 1028 non
319 967 460 1047 privetur,
479 967 519 1027 ita
540 969 709 1054 constituit.¹

193 1062 241 1122 De
262 1059 493 1137 collaudatione,
521 1083 607 1141 quam
626 1050 770 1142 Episcopi
793 1073 824 1121 et
841 1053 971 1128 Abbates
990 1067 1022 1128 in
1041 1045 1179 1132 Baioarii
1246 1131 1247 1134 ,
1314 1053 1316 1060 ’

108 1147 196 1214 inter
215 1174 247 1215 se
266 1153 411 1229 fecerunt,
430 1174 486 1232 pro
507 1147 651 1240 defunctis
671 1154 817 1218 fratribus.

64 1245 108 1306 In
134 1245 249 1306 Christi
267 1246 396 1306 nomine.
426 1245 551 1324 Notitia,
570 1247 685 1326 qualem
706 1245 942 1330 convenientiam
961 1255 1056 1334 gentis
1068 1256 1200 1319 Baioa..‚
1279 1266 1285 1283 ⁸

62 1341 193 1400 riorum
212 1338 353 1419 Episcopi
373 1351 402 1399 et
420 1338 550 1400 Abbates
569 1341 647 1401 inter
671 1361 703 1401 se
727 1341 875 1401 fecerunt:
907 1364 1032 1422 qnorum
1057 1350 1178 1412 nomina
1285 1333 1288 1338 ι

32 1489 35 1496 ,
63 1431 158 1492 infra
178 1449 314 1511 perarate
333 1432 410 1514 stylo
430 1433 619 1494 decrevimus.
657 1433 694 1494 Id
711 1445 774 1508 est,
796 1435 908 1496 Manno
927 1435 1179 1522 Nuiuenporgeu·

64 1524 159 1603 sis¹)
190 1525 282 1608 scivit.
321 1526 487 1606 Episcopus
516 1527 595 1589 Alius
605 1527 653 1605 ²),
676 1526 875 1609 Virgilius³),
899 1528 1069 1606 Wisem'ch,
1094 1533 1179 1594 sint-

66 1619 230 1700 precbt4),
246 1619 352 1693 Heres,
369 1617 519 1698 Episcopi.
545 1619 753 1700 Opportunus,
763 1619 971 1700 Wolfpreebt,
985 1623 1178 1706 Adalprecbt,

65 1714 165 1788 Ato,
179 1714 259 1787 Uto,
282 1709 420 1770 Lantfrit.
473 1710 607 1788 Albune,
636 1713 800 1787 Ruothart,
824 1713 946 1789 Ernest,
964 1715 1179 1798 Reginprecbt,

65 1805 289 1880 Volebanhart,
309 1803 456 1878 Perhhoa,
476 1803 593 1886 Sigido,
616 1804 756 1886 Abbates.
794 1807 843 1896 Utl
857 1826 958 1866 eorum
980 1810 1042 1888 quis
1060 1796 1099 1872 'de
1118 1811 1179 1872 hoe

68 1898 144 1958 luce
164 1897 320 1978 migraret,
343 1896 541 1976 unusquisque
561 1897 747 1976 superstitum
766 1899 983 1980 Episcoporum
1006 1903 1054 1964 vel
1072 1905 1178 1966 Abba·-

65 2004 139 2052 tum
165 1991 405 2072 pro”defuucto,
435 1991 466 2048 in
492 1990 580 2050 domo
605 2009 657 2050 sua
681 1991 853 2072 Episcopali
880 1993 927 2057 vel
953 1992 1113 2058 Coenobio
1139 1995 1176 2058 G.

69 2086 180 2145 missas
204 2082 346 2165 speciales
375 2092 406 2142 et
430 2081 538 2141 eodum
562 2100 686 2140 numero
710 2083 849 2162 psalterio
874 2097 994 2148 cantare
1018 2087 1082 2163 fiat3
1110 2090 1176 2170 ipse

66 2198 150 2240 vero
180 2179 216 2238 de
242 2177 363 2258 propria
385 2193 513 2255 persona
536 2193 587 2234 sua
612 2173 703 2232 XXX.
727 2175 869 2254 speciales
892 2180 992 2242 missas
1017 2181 1177 2262 compleat,
1264 2178 1269 2186 ’

66 2271 122 2333 vel
147 2291 164 2330 a
187 2265 334 2353 religiosis
356 2267 474 2356 sibimet
497 2261 651 2342 subiectis,
680 2265 804 2346 implere
829 2267 950 2330 omnino
970 2286 1178 2350 praenotatum
1255 2307 1257 2316 r

66 2363 166 2423 faciat
184 2382 354 2438 numerum,
373 2361 551 2442 presbyteris
569 2361 631 2420 sive
649 2359 818 2436 monachis,
838 2379 904 2422 cum
924 2364 960 2424 de
980 2364 1038 2423 boc
1055 2367 1175 2429 saeculo

67 2455 278 2537 migraverint,
296 2455 462 2535 Episcopus
481 2475 533 2514 seu
551 2453 670 2528 Abbas,
688 2473 749 2513 uno
768 2449 943 2534 presbytero
962 2455 1010 2517 vel
1028 2477 1089 2516 uno
1108 2477 1186 2520 mom

66 2547 184 2624 nacho,
203 2549 294 2608 XXX.
313 2549 412 2608 missas
431 2545 581 2628 speciales,
598 2547 724 2606 totidem
743 2546 880 2626 psalteria
898 2546 1006 2608 faciant
1026 2551 1178 2614 celebrari.

130 2641 188 2701 De
201 2639 443 2718 popularibus
462 2639 611 2718 legibus.
635 2679 675 2692 --
712 2639 906 2702 Praenotatus
924 2640 1084 2722 Princeps,
1108 2645 1177 2705 uni-

67 2756 161 2798 verso
182 2736 383 2802 concordante
402 2733 543 2816 collegio,
561 2733 591 2792 bi
610 2730 770 2792 coustituit.
801 2733 845 2792 Ut
863 2731 958 2794 nullus
977 2736 1177 2816 aprovineiae
1273 2727 1276 2740 ⁸

69 2849 146 2890 suae
164 2829 341 2908 mancipium
364 2827 465 2886 limine
489 2825 683 2902 venumdare,
706 2825 753 2888 vel
771 2826 925 2906 proprium
943 2826 991 2888 vel
1010 2825 1177 2910 fugitivum,

69 2915 312 3004 praesumpserit.
350 2921 391 2978 Et
408 2919 433 2979 si
452 2918 516 2997 quis
535 2919 593 2978 boc
613 2921 762 2980 decretum
781 2941 844 2980 non
864 2919 1072 2997 observaverit,
1091 2923 1175 2984 We*

69 3014 198 3098 regeldo
218 3035 270 3074 suo
292 3009 434 3091 cupabilis
453 3021 628 3073 remaneret.
675 3011 717 3070 Et
740 3011 835 3070 nullus
855 3011 989 3074 furtivam
1007 3032 1086 3087 rem,
1113 3025 1175 3076 tam

70 3106 104 3166 in
127 3107 211 3186 equis
231 3118 262 3166 et
280 3106 343 3166 aliis
360 3102 607 3185 quadrupedibus,
627 3121 713 3182 quam
731 3103 763 3162 in
781 3101 893 3181 reliqua
912 3103 1104 3182 supellectilia
1124 3128 1174 3168 ex-

71 3210 121 3277 tra
147 3199 237 3266 finem
260 3199 464 3282 Baioariorum
495 3197 665 3258 venundare
694 3192 743 3255 vel
770 3194 910 3255 machinis
940 3195 1091 3260 diabolicis
1123 3220 1174 3262 ex»

71 3304 121 3354 tra
140 3292 287 3366 minandi,
306 3291 412 3352 infidus
430 3291 506 3371 regi,
524 3301 558 3349 ut
576 3289 600 3349 ai
621 3287 685 3368 quis
703 3288 762 3350 hoc
781 3290 1021 3368 praesumpserit,
1040 3291 1102 3352 XL.
1122 3313 1173 3354 sou
1270 3299 1272 3308 '

71 3386 151 3446 lidos
171 3395 331 3464 componat
349 3384 380 3442 in
399 3382 558 3464 publicum.
596 3383 640 3442 Ut
663 3381 728 3460 quis
748 3381 882 3455 domum,
911 3392 971 3441 tam
990 3383 1066 3444 liber
1085 3405 1173 3464 quam
1243 3441 1246 3449 .

73 3499 194 3554 servus,
218 3477 303 3538 altius
323 3475 478 3551 effoderit,
503 3486 534 3536 et
552 3473 594 3533 ibi
615 3474 727 3536 occisus
746 3473 851 3550 fuerit,
874 3473 937 3534 sine
956 3478 1174 3557 compositione

73 3573 106 3633 in
126 3593 179 3634 sua
198 3573 264 3648 dam
283 3571 405 3632 natione
424 3579 603 3650 permaneat.
641 3566 675 3627 si
694 3578 791 3628 autem
809 3565 1001 3646 supellectilia
1020 3569 1175 3632 abstulerit

76 3667 113 3726 de
134 3667 237 3731 eadem
257 3667 367 3740 domo,
379 3673 410 3724 et
428 3683 465 3724 eo
485 3659 617 3746 fugiente
636 3659 669 3720 in
688 3659 799 3723 cuitem
818 3661 964 3724 vel-extra
983 3673 1105 3742 onmem,
1124 3665 1174 3728 hio

75 3757 124 3818 eui
145 3759 281 3820 damnum
299 3755 400 3820 intulit
418 3755 619 3834 consequitur,
639 3765 669 3814 et
678 3754 837 3831 interfecit,
855 3753 920 3834 pari
938 3754 1086 3838 subiaceat
1104 3777 1180 3823 sena,-
1203 3785 1209 3804 ι

10 3849 11 3864 ’
75 3852 179 3912 tentia.
217 3851 361 3912 Similiter
385 3849 435 3932 qui
454 3846 581 3909 liberum
599 3846 646 3911 vel
665 3846 842 3928 mancipium
861 3868 944 3908 suum
963 3845 1117 3926 iuraverit,
1141 3857 1173 3912 et

118 4027 143 4080 ¹)
156 4027 207 4070 Iler
218 4027 359 4070 Risebot'sttz
369 4025 451 4072 warde
467 4023 500 4070 im
517 4022 592 4070 delus
604 4024 647 4072 773
665 4034 711 4070 von
724 4022 838 4084 Neuburg
855 4026 916 4070 neela
929 4023 1054 4088 Augsborg
1069 4019 1169 4084 veslegn

75 4089 101 4136 8.
119 4093 198 4145 Hand,
214 4093 316 4150 idetmp.
330 4093 461 4153 delinitus-g.
474 4093 521 4150 11„
534 4107 558 4150 p.
573 4095 624 4140 tat.
948 4089 951 4097 ’

115 4159 142 4212 η
156 4157 255 4203 urnam
274 4159 379 4206 asason
393 4151 591 4204 sn‘anenoen.
600 4159 677 4214 Tyres
688 4156 713 4201 ta
726 4155 846 4202 sanutus
855 4171 878 4206 v.
892 4159 989 4208 sousa.
1007 4151 1170 4204 noeturnae..

75 4221 118 4266 stes
130 4224 212 4268 vaurde
223 4224 343 4281 spissi-bin
355 4227 415 4268 noete
427 4225 514 4268 Britan
526 4225 625 4282 vertens.
651 4224 878 4287 §.limmat-op.
894 4225 1036 4282 flelisburg„
1048 4225 1071 4280 1,
1084 4227 1171 4293 mlta
1217 4223 1225 4251 l

116 4293 140 4342 ⁸)
153 4292 177 4341 s.
190 4289 252 4340 flea.
269 4305 305 4334 111·
318 4287 445 4347 LXXXIV,
466 4291 488 4338 ὗ.
507 4289 533 4338 s.
545 4295 600 4338 255·
1254 4317 1258 4326 ¹

16 4409 26 4426 .
117 4359 143 4412 ⁴)
154 4357 250 4405 uinctos
261 4373 308 4403 von
321 4359 483 4416 degentiam-g,
497 4358 541 4401 der
551 4357 584 4401 im
596 4356 777 4418 flunuentriege
792 4357 839 4411 fiel,
864 4357 889 4404 S.
905 4353 998 4412 Faber,
1012 4355 1064 4406 flers
1077 4355 1171 4405 ponsa

79 4421 119 4478 w,
132 4435 154 4475 fl.
168 4429 220 4476 791.
242 4421 344 4481 'Haud’
358 4437 381 4469 fl·
396 4437 422 4471 'a
439 4422 478 4480 on,
493 4423 515 4479 ¹2
528 4438 555 4482 Po
572 4427 624 4469 ²⁴⁴·
