2890 5092
268 581 527 654 {epitaphium
543 529 796 668 liudegerus
809 582 988 650 regmae.

227 720 325 780 Aurea
345 739 421 805 quae
439 716 525 778 fulvis
543 715 665 776 rutilant
685 718 828 780 elementa
848 715 958 799 figuris,

277 801 375 886 Quam
397 810 473 869 clara
493 807 657 870 exstiterint
673 809 801 872 membra
822 809 946 889 sepulta,
966 809 1084 870 docent

228 905 286 964 Hic
306 903 408 983 regina
429 902 506 960 iacet
524 901 590 983 regi
610 903 758 980 praecelsa
778 905 894 984 potenti

276 993 439 1075 Hildegard
457 993 568 1054 Karolo
591 1015 665 1073 quae
686 993 763 1054 bene
782 1009 872 1074 nupta
892 997 957 1057 fuit.

172 1153 177 1159 ,
201 1081 204 1094 '
234 1091 321 1164 Quae
340 1099 453 1145 tantum
474 1087 568 1146 clarae
587 1086 770 1148 transcendit
788 1088 884 1167 stirpis
904 1091 1046 1162 alumnos,

280 1180 443 1256 Quantum,¹
458 1177 519 1258 ¹quo
541 1181 641 1262 genita
662 1193 715 1255 est,
734 1179 836 1239 Indica
856 1201 968 1262 gemma
987 1181 1090 1242 solum.

230 1275 311 1334 Huic
330 1285 389 1332 tam
410 1272 486 1332 clara
506 1273 562 1331 fuit
580 1273 713 1333 florentis
734 1272 828 1354 gratia
847 1271 971 1350 formae,

143 1441 147 1448 ⁶
279 1365 348 1441 Qua
367 1386 422 1425 nec
441 1365 473 1423 in
493 1365 618 1426 occiduo
639 1365 790 1446 pulchrior
809 1365 868 1425 ulla
887 1365 975 1425 foret

108 1458 111 1469 ’
168 1521 171 1528 ,
232 1459 322 1521 Cuius
341 1459 418 1518 haud
437 1470 572 1519 tenerum
591 1469 714 1548 possent
733 1477 857 1538 aequare
879 1459 1016 1520 decorem
1053 1479 1054 1482 ¹

279 1537 433 1632 Sardonyx
452 1551 552 1627 Pario,
572 1549 633 1610 lilia
653 1551 740 1611 mixta
759 1552 843 1614 rosis.

231 1647 369 1708 Attamen
389 1644 464 1703 hanc
484 1643 611 1724 speciem
631 1643 810 1726 superabant
829 1646 938 1706 lumina
959 1643 1072 1722 cordis,
1116 1634 1118 1644 ’

240 1815 244 1822 .
283 1736 520 1817 simplicitasque
540 1737 664 1813 animae,
684 1737 869 1817 interiorque
889 1740 991 1800 decor.
1039 1735 1045 1762 ¹

232 1831 281 1890 Tu
299 1829 387 1904 mitis,
406 1829 532 1909 sapiens,
550 1831 664 1906 sollers,
683 1832 810 1910 iucunda
826 1831 919 1907 luisti,

282 1922 412 2002 Dapsilis
434 1933 464 1981 et
484 1923 595 1982 cunctis
615 1923 813 1985 condecorata
833 1923 929 1987 bonis.

235 2017 295 2076 Sed
315 2014 385 2093 quid
405 2014 489 2093 plura
507 2014 611 2090 feram,
631 2035 696 2076 cum
715 2038 778 2077 non
797 2018 835 2079 sit
854 2017 995 2100 grandior
1012 2016 1073 2078 ulla

284 2108 361 2167 Laus
380 2106 446 2200 ¹tibi,
467 2127 553 2186 quam
572 2119 655 2168 tanto
676 2109 885 2188 complacuisse
902 2111 983 2172 viro!

237 2200 372 2280 Cumque
391 2200 437 2262 vir
456 2199 636 2279 armipotens
655 2203 761 2280 sceptis
780 2202 918 2266 iunxisset
936 2204 1018 2264 avitis

287 2291 539 2376 Cygniferumque
558 2292 671 2353 Padum
689 2293 923 2371 Romuleamque
942 2293 1076 2373 Tybrim,

239 2389 288 2446 Tu
306 2385 369 2445 sola
387 2386 507 2446 inventa
527 2407 568 2463 es,
588 2386 677 2448 fueris
698 2406 773 2465 quae
794 2385 882 2466 digna
901 2395 1006 2446 tenere

290 2477 460 2557 Multiplicis
480 2480 566 2560 regni
585 2500 672 2540 aurea
691 2489 807 2558 sceptra
826 2497 924 2538 manu.

241 2571 326 2634 Alter
345 2570 381 2630 ab
402 2571 557 2632 undecimo
570 2573 600 2650 ¹)
619 2571 676 2632 iam
695 2583 726 2630 te
745 2581 913 2650 susceperat
931 2590 1034 2647 annus,

292 2663 369 2724 Cum
388 2685 442 2726 vos
461 2663 619 2724 mellifluus
639 2663 822 2732 consociavit
841 2685 937 2736 amor;

242 2755 326 2816 Alter
346 2755 382 2816 ab
403 2757 559 2818 undecimo
579 2778 692 2818 rursum
711 2768 741 2818 te
758 2757 874 2818 sustulit
892 2777 995 2832 annus,

291 2851 359 2909 Heu
377 2850 510 2930 genitrix¹
520 2871 635 2932 regum,
654 2851 712 2910 heu
732 2851 820 2912 decus
839 2862 927 2930 atque
947 2849 1048 2911 dolor!

246 2941 292 3000 Te
310 2941 451 3016 Francus,
470 2942 592 3015 Suevus,
612 2942 777 3008 Germanus
797 2955 828 3003 et
846 2945 908 3022 ipse
927 2943 1096 3018 Britannus,

296 3033 430 3114 Cumque
452 3033 537 3094 Getis
557 3033 634 3093 duris
654 3033 768 3116 plangit
786 3031 898 3094 Hibera
918 3036 1040 3107 cohors;

247 3127 357 3187 Accola
377 3139 407 3188 te
427 3126 553 3208 Ligeris,
571 3137 602 3185 te
623 3125 713 3186 deflet
732 3138 762 3186 et
781 3125 855 3188 ltala
873 3125 970 3203 tellus,

297 3221 423 3300 Ipsaque
442 3232 538 3280 morte
557 3231 607 3280 tua
627 3219 710 3278 anxia
729 3219 823 3279 Roma
844 3221 944 3300 gemit.

249 3313 369 3372 Moristi
389 3313 425 3372 ad
444 3313 529 3372 fletus
550 3324 580 3372 et
599 3312 688 3370 sortia
709 3313 798 3371 corda
820 3313 961 3386 virorum,

297 3405 338 3464 Et
356 3403 491 3464 lacrimae
512 3403 632 3483 clypeos
651 3401 731 3462 inter
751 3415 781 3464 et
799 3424 878 3464 arma
898 3405 1013 3464 cadunt

250 3499 317 3558 Heu
338 3496 454 3576 quantis
473 3495 588 3574 sapiens
609 3505 639 3554 et
658 3495 772 3556 firmmu
791 3496 903 3558 robore
922 3517 1038 3578 semper

217 3603 219 3607 ’
300 3589 406 3654 Ussisti
425 3589 554 3650 flammas
574 3600 675 3668 pectus
694 3588 788 3650 herile
807 3591 877 3650 viri!

251 3683 371 3745 Solatur
390 3695 511 3743 cunctos
531 3703 596 3763 spes
617 3684 688 3743 haec
707 3683 757 3744 sed
778 3672 857 3744 certa
878 3681 1021 3759 dolentes,

302 3777 362 3837 Pro
384 3776 480 3858 dignis
499 3775 582 3836 sactis
603 3776 683 3854 quod
702 3783 783 3836 saera
802 3794 895 3858 regna
913 3785 1006 3836 tenes.

197 3920 200 3931 ,
254 3871 355 3931 Jesum
375 3891 453 3930 nune
472 3868 618 3950 precibus,
637 3869 772 3946 Arnulle,
792 3887 893 3928 exores
913 3888 1015 3930 eorum

304 3961 482 4042 Participem
501 3961 566 4024 fieri
584 3963 670 4040 hanc,
689 3953 779 4042 pater
793 3960 878 4039 alme,
896 3961 964 4024 tuis.

149 4214 170 4265 ¹)
184 4210 265 4270 Ver-gl.
282 4209 312 4252 M
317 4209 451 4266 caenon,
466 4209 554 4253 Annal.
571 4206 691 4254 Benedici.
704 4205 832 4256 tin-xxv.
848 4209 918 4254 Tom.
936 4207 969 4262 11,
982 4218 1007 4260 p.
1023 4205 1074 4246 aot.

909 4462 969 4544 tn]

971 4737 983 4784 i
