2960 5094
88 602 272 683 prouidentia
304 601 529 682 prudentissime
560 621 639 662 suam
669 611 859 684 nostramque
887 604 1009 666 salutem
1035 615 1183 684 procuret
1221 597 1232 622 ²

88 697 139 756 Sic
163 695 246 756 enim¹
266 695 303 754 de
328 695 385 754 iam
412 694 492 755 dicto
520 693 697 774 nequissimo
722 695 878 779 Athalgiso
908 697 995 758 nobis
1019 697 1184 759 nuntiatum

88 798 143 862 est,
169 788 236 866 quia
256 787 287 846 in
312 789 436 849 veritate
456 788 523 846 Deo
552 785 608 848 sibi
629 788 795 865 contrario,
819 811 885 852 cum
904 790 999 850 Missis
1017 791 1183 870 Imperato-

84 881 133 955 ris,
153 881 185 940 in
204 879 336 962 partibus
355 881 470 942 scilicet
489 878 645 942 Calabriae
664 881 781 958 residet,
808 883 886 944 iuxta
906 882 1065 944 confinium
1084 883 1184 943 Duca-

83 983 127 1032 tus
137 973 352 1046 Beneuentani,
371 985 404 1032 ut
424 973 460 1032 de
480 973 541 1032 eius
560 972 690 1034 invalido
711 974 837 1036 adventu
850 975 1009 1055 Campulus
1018 975 1184 1054 Episcopus

84 1065 207 1128 civitatis
229 1064 389 1126 Caietanae
408 1085 462 1145 per
481 1088 546 1138 suas
566 1065 653 1126 nobis
672 1065 847 1146 significavit
865 1062 997 1150 syllabas.
1042 1067 1185 1128 Similiter

84 1169 114 1215 et
134 1159 171 1218 de
192 1158 352 1237 Pentapoli
377 1179 432 1238 pro
453 1159 582 1219 eiusdem
600 1157 748 1239 Athalgisi
768 1162 934 1240 arrogantia
953 1160 1046 1230 nobis¹
1060 1159 1091 1217 in
1111 1160 1183 1220 scri·
1203 1175 1209 1190 ¹

85 1249 141 1328 ptis
161 1250 390 1322 ,intimaverunt3
415 1264 558 1330 quatenus
583 1250 622 1311 ob
649 1252 770 1312 nimium
798 1263 926 1313 vestrum
953 1272 1082 1314 amorem
1105 1249 1184 1311 inlra

82 1341 157 1400 alios
176 1341 304 1402 misimus
325 1345 437 1423 apices,
464 1356 523 1405 mm
544 1343 649 1406 Caieta
670 1365 816 1424 quamque
836 1343 996 1423 Pentapoli
1017 1344 1106 1405 series
1125 1363 1182 1404 no·

81 1434 128 1494 bis
149 1434 315 1498 destinatas.
359 1438 475 1516 Nempe
495 1437 615 1516 quidem
634 1439 739 1498 scimus
760 1437 827 1516 quia
847 1436 911 1515 ipsc
930 1436 1045 1514 iniquus
1065 1449 1096 1496 et
1114 1457 1183 1516 per·

80 1527 153 1588 fidus
172 1527 329 1611 Adalgisus
354 1549 410 1609 pro
435 1529 516 1600 nulla
540 1530 598 1592 alia
618 1552 703 1592 causa
727 1531 759 1590 in
784 1529 846 1592 istis
868 1527 1026 1595 declinavit
1043 1529 1185 1606 partibus,

81 1619 136 1684 nisi
155 1623 361 1684 tantummodo
382 1643 439 1702 pro
451 1634 549 1686 vestra
559 1635 720 1703 nostraque
732 1622 949 1688 contrarietate.
987 1620 1077 1682 Unde
1093 1639 1185 1700 opor-

53 1709 55 1714 ’
81 1723 139 1788 tet,
164 1723 198 1772 ut
216 1714 392 1776 firmissimas
411 1727 519 1778 vestras
544 1727 639 1776 staras
659 1715 792 1794 partibus
812 1715 1028 1782 Beneventanis
1050 1713 1185 1776 emittere

80 1817 174 1866 vestra
194 1808 343 1887 praecelsa
368 1808 474 1890 regalis
495 1807 676 1870 Excellentia
702 1808 827 1883 nitatur,
850 1819 884 1868 nt
903 1807 1033 1886 undique
1059 1827 1119 1888 per.
1132 1827 1184 1870 ue-

81 1908 173 1960 strum
192 1899 294 1980 regale
315 1901 522 1963 adminiculum
541 1900 747 1981 imperturbati
765 1901 876 1981 pariter
893 1921 1070 1962 maneamus.
1116 1964 1119 1976 ,

134 1991 201 2050 Nos
230 2012 303 2051 vero
336 1993 410 2058 haec
442 1995 540 2053 omnia
569 1995 802 2070 considerantes,
832 1993 1016 2056 dilectissime
1040 1993 1185 2072 uinisque

81 2082 277 2146 amantissime
304 2093 393 2160 atque
419 2104 435 2142 a
459 2086 527 2144 Deo
553 2099 687 2165 protecte
711 2089 943 2166 praerectissime
958 2089 989 2166 ¹.)
1014 2087 1072 2162 fili,
1096 2085 1185 2147 nobis

82 2174 122 2234 sic
143 2185 245 2254 aptum
266 2193 328 2234 esse
348 2175 480 2250 videtur,
507 2187 540 2234 ut
559 2176 620 2236 sive
640 2179 820 2240 voluntatem
839 2193 963 2244 vestram
982 2179 1108 2240 iecerint
1126 2178 1184 2258 ipsi

82 2265 303 2341 Beneventani,
327 2287 391 2326 non
417 2267 479 2327 ullo
504 2267 596 2328 modo
619 2269 755 2348 expediat
780 2270 981 2330 Grisnualdum
1004 2270 1096 2330 lilium
1114 2271 1185 2330 ari-

83 2359 199 2435 chisil)
217 2359 421 2430 Reneuentum
441 2359 579 2442 dirigere.
613 2361 824 2422 Verumtamen
844 2362 919 2422 sicut
937 2360 1021 2426 vobis
1041 2361 1077 2420 ab
1089 2362 1185 2420 omni-

83 2461 210 2530 potente
226 2450 292 2511 Deo
312 2465 414 2514 nostro
435 2453 661 2533 prudentissima
679 2453 829 2534 sapientia·
844 2473 983 2520 concessa
1004 2464 1062 2528 est,
1080 2453 1121 2512 ita
1139 2474 1186 2518 sa-

84 2543 196 2624 gaciter
220 2564 276 2624 pro
303 2546 467 2608 huiusmodi
491 2567 525 2606 re
549 2557 730 2627 pertractare
754 2558 844 2626 atque
870 2565 1002 2626 congrue
1027 2546 1185 2626 disponere

84 2637 218 2715 iubeatis,
239 2650 271 2698 ut
291 2660 335 2716 ea,
355 2661 437 2720 quae
451 2639 535 2703 vobis
554 2639 701 2719 nobisque
720 2640 896 2720 enpedibilia
916 2639 1037 2716 luerint,
1058 2639 1096 2699 ad
1115 2660 1184 2718 per·

86 2731 192 2794 lectum
211 2731 511 2809 salubritervenia'nt,
531 2745 644 2792 utnon
664 2732 696 2792 in
717 2732 851 2812 quolibet
869 2731 974 2792 labore
993 2732 1184 2811 paritereve-

85 2826 208 2886 niamus:
238 2826 290 2886 sed
315 2825 339 2886 si
363 2825 420 2906 ipsi
442 2825 558 2908 saepius
585 2823 655 2884 dicti
680 2825 884 2889 Beneuentani
917 2825 1036 2886 minime
1059 2836 1184 2888 vestram

86 2919 212 3000 regalem
232 2918 458 2998 adimpleverint
476 2921 669 2992 voluntatem,
689 2918 764 2978 sicut
782 2919 867 2979 vohis
887 2918 1013 2998 polliciti
1027 2931 1105 2995 sunt,
1124 2931 1183 2980 sta-

86 3012 134 3072 tim
152 3013 264 3074 ibidem
287 3012 386 3074 taliter
406 3014 545 3076 exercitus
566 3011 700 3072 emittere
719 3011 876 3085 studeatis,
901 3021 934 3070 ut
961 3013 998 3074 ad
1016 3011 1184 3089 profectum

88 3117 198 3168 sanctae
225 3118 346 3168 nostrae
365 3107 535 3183 Ecclesiae,
563 3116 735 3184 vestraeque
765 3101 872 3184 regalis
901 3103 1055 3182 perveniat
1077 3104 1184 3164 Excel-

90 3194 203 3260 lentiae:
227 3210 258 3258 et
276 3199 318 3260 sic
337 3199 394 3259 illis
403 3201 534 3279 partibus
548 3199 728 3278 disponatur,
748 3209 781 3256 ut
799 3195 933 3256 inimicus
946 3197 1044 3256 locum
1056 3194 1185 3254 nocendi

89 3309 143 3350 non
162 3291 308 3362 inveniam
327 3293 378 3354 sed
397 3313 514 3374 semper
533 3303 630 3354 vestra
648 3291 679 3350 in
696 3289 850 3368 triumphis
870 3288 993 3346 exsultet
1011 3287 1043 3344 in
1051 3285 1184 3348 Domino

89 3385 186 3464 regalis
206 3383 343 3453 vittonia.
368 3409 372 3416 ·
823 3427 826 3436 .
872 3403 874 3410 ¹

140 3477 302 3538 Enimuero
333 3497 392 3538 una
422 3497 487 3556 cem
520 3472 693 3537 fidelissimis
717 3473 811 3534 Missis
842 3471 942 3534 vestris
972 3483 1184 3553 pertractantes

92 3569 382 3649 considerantesque,
406 3581 438 3630 ut
453 3567 486 3626 ·si
505 3567 623 3629 minime
648 3566 704 3646 ipsi
723 3566 925 3628 Beneventani
944 3567 1105 3646 adimplere
1128 3586 1183 3626 vo-

90 3659 193 3725 lueriut
216 3663 350 3745 regalem
376 3673 501 3724 vestram
525 3659 722 3736 voluntatem,
747 3661 785 3720 ad
802 3659 955 3737 Kalendas¹
971 3659 1063 3718 Maias
1088 3669 1185 3740 uester

90 3754 299 3834 robustissimus
331 3755 471 3832 exercitus
498 3754 529 3812 in
558 3753 689 3816 confinio
714 3763 902 3834 praeparatus
927 3769 1016 3830 super
1037 3749 1118 3830 ipsos
1143 3752 1184 3819 ir-¹

90 3868 171 3908 ruere
190 3849 418 3912 Beneventanus
444 3846 641 3920 inueniretur,
666 3858 697 3906 et
716 3847 831 3909 demum
850 3843 961 3924 pariter
985 3854 1185 3924 penetrantes,

91 3937 122 3996 in
143 3940 187 4008 his
216 3941 384 4004 confirmari
415 3952 540 4022 propter
570 3938 673 4003 aestivi
701 3937 845 4018 temporis
862 3935 1091 4020 ,aegritudinem
1121 3953 1184 3994 non

27 4067 28 4110 p
92 4031 264 4094 audebimus.
312 4035 352 4094 Et
376 4034 483 4094 iterum
508 4033 533 4094 si
551 4053 640 4114 super
664 4051 715 4093 eos
735 4052 751 4092 a
770 4031 907 4110 Kalendis
927 4028 1011 4092 Maiis
1035 4025 1185 4106 usquein

92 4119 292 4202 Septembrem
311 4149 441 4189 mensem
461 4126 603 4188 exercitus
622 4145 685 4186 non
705 4125 855 4202 venerint,
875 4123 1000 4186 dubium·
1014 4117 1102 4186 nobis
1122 4135 1185 4200 8⁵⁸⁸

27 4265 29 4276 ,
92 4213 217 4294 videtur,
242 4231 274 4280 ut
301 4220 397 4297 sorte,
421 4221 488 4282 Deo
509 4219 566 4282 sibi
587 4218 752 4296 contrario,
779 4218 943 4300 praedictus
963 4209 1184 4274 nefandissimus

130 4367 152 4419 ¹)
162 4369 359 4424 proxumam?
742 4385 745 4394 ⁴
1098 4373 1102 4387 ¹

129 4435 151 4484 ²)
170 4433 293 4496 Artgts'ett
312 4439 359 4482 und
372 4449 399 4483 to
411 4438 470 4484 auch
483 4438 621 4506 selliftm
636 4436 667 4480 im
682 4436 744 4482 Text
759 4435 801 4480 der
816 4434 926 4498 Urlunde
938 4430 1031 4476 aaran
1045 4431 1115 4477 stelit.
1134 4459 1138 4486 ,ι

888 4496 947 4579 [⁰]
