2960 5094
722 427 849 504 ''ao

277 593 362 656 liares
386 594 463 656 inter
486 613 588 658 omnes
607 601 709 678 gentes
728 611 781 654 vos
804 608 905 651 omnes
924 588 1105 654 Francorum
1130 588 1257 670 populos
1277 590 1370 652 habc-

276 707 349 748 mus.
391 689 494 768 Itaque
513 699 663 770 protestor
690 695 720 746 et
738 685 899 772 admoneo,
925 693 1062 761 tanquam
1082 683 1113 742 in
1133 683 1315 763 aenigmate,
1340 696 1372 745 et
1414 749 1421 761 ¹

277 781 359 842 firma
379 781 562 864 obligatione
583 780 707 845 coniuro
727 798 779 838 vos
800 773 1062 839 Christianissimos
1074 777 1182 858 Reges,
1202 775 1373 856 Pippinuan,

193 935 199 945 ,
278 873 419 934 Carolum
440 886 470 934 et
490 869 734 944 Carlornannum,
753 881 847 948 atquev
862 885 962 928 omnes
983 868 1175 945 Sacerdotes,
1195 869 1372 949 Episcopos,

164 999 183 1016 v
275 965 423 1041 Abbates,
449 965 657 1047 Presbyteros,
687 961 733 1025 vel
758 955 909 1020 nnivers‘os
925 959 1089 1042 ‘religiosos
1114 961 1292 1035 Monachos,
1322 961 1371 1022 vel

277 1070 400 1120 cunctos
426 1057 557 1128 Iudicem
582 1058 651 1118 item
675 1056 790 1127 Duces,
816 1050 948 1114 Comites
970 1063 1006 1114 et
1029 1066 1164 1120 cunctum
1189 1054 1372 1118 Francorum

219 1131 225 1152 ⁶
276 1150 363 1231 regni
381 1151 540 1231 populum,
565 1163 595 1210 et
612 1161 749 1227 tanquam
769 1143 1001 1228 praesentialiter
1026 1145 1058 1206 in
1085 1165 1172 1210 carne
1196 1146 1276 1208 vivus
1295 1147 1372 1208 adau'-

192 1283 194 1290 1
276 1253 355 1304 stcns
375 1263 474 1304 coram
493 1242 586 1317 vobis,
606 1260 662 1322 ego
673 1237 835 1318 Apostolus
850 1236 909 1296 Dei
919 1237 1039 1298 Petrus:
1058 1238 1099 1298 ita
1118 1240 1241 1300 firmiter
1260 1240 1373 1309 credite

276 1333 361 1396 vobis
382 1333 593 1396 adhortationis
612 1329 723 1410 alloqui
735 1329 836 1406 verba,
856 1329 923 1409 quia
944 1331 997 1392 etsi
1018 1331 1174 1394 carnaliter
1183 1333 1292 1409 desum,
1312 1334 1372 1414 spi-

275 1427 420 1490 ritualiter
438 1438 534 1488 autem
554 1445 570 1484 a
589 1423 675 1484 vohis
695 1444 757 1484 non
778 1422 882 1493 desim;
908 1423 1047 1502 quoniam
1067 1423 1208 1504 scriptum
1228 1419 1287 1500 est,
1314 1423 1374 1509 (luti

89 1569 91 1576 ,
112 1553 116 1564 ·
185 1592 189 1602 ι
274 1516 611 1598 mercipitProplsetoma‘o
621 1513 1074 1592 nemael'rnptnao,nurcadats
1081 1515 1372 1594 suscipitPsoplsetae.

352 1613 412 1672 Sed
438 1623 469 1672 et
486 1611 616 1670 Domina
636 1620 753 1684 nostra,
776 1607 835 1668 Dei
855 1607 992 1690 genitrix,
1011 1630 1126 1690 semper
1144 1610 1250 1692 Virgo,
1269 1609 1373 1686 Maria,

274 1705 427 1768 nobiscum
451 1724 505 1766 vos
529 1704 641 1786 magnis
668 1699 901 1784 obligationibus
927 1700 1061 1762 adiurans
1081 1715 1265 1784 protestatur„
1283 1716 1372 1784 atque

185 1839 188 1857 .
275 1798 415 1860 admonet
435 1808 466 1856 et
485 1795 584 1873 iubet,
608 1793 694 1858 simul
714 1795 801 1856 etiam
821 1793 939 1854 Throni
964 1804 1052 1872 atque
1070 1794 1315 1873 diminutiones,
1342 1809 1374 1858 et

276 1899 397 1950 cunctus
423 1888 555 1950 caelestis
574 1888 695 1948 militiae
721 1885 876 1958 exercitum
902 1907 958 1948 nec
983 1907 1045 1950 non
1067 1898 1098 1946 et
1115 1888 1258 1969 Martyres
1284 1901 1373 1970 atquc

169 2007 171 2016 ’
276 1977 471 2044 Confessores
489 1981 614 2058 Christi,
635 1993 664 2044 et
684 2001 785 2042 omncs
806 1979 928 2042 omnino
948 1980 1016 2040 Deo
1036 1978 1198 2058 placentes,
1217 1992 1248 2042 et
1267 1982 1296 2040 hi
1315 2002 1372 2042 no-

274 2073 388 2136 biscum
407 2075 596 2136 adhortantes
616 2088 646 2136 et
666 2073 852 2136 coniurantes
873 2083 1089 2154 protestantur,
1112 2074 1375 2152 qnatenus,doleat

240 2237 242 2250 Ι
275 2165 361 2228 vohis
387 2187 442 2247 pro
463 2168 578 2230 civitate
597 2169 653 2232 ista
671 2169 804 2232 Romana
823 2166 909 2228 nobis
935 2188 951 2226 a
970 2163 1102 2224 Domino
1121 2163 1190 2224 Deo
1211 2167 1373 2243 commissa,

276 2269 307 2319 et
327 2257 430 2322 ovibus
439 2261 603 2323 Dominicis
622 2261 653 2322 in
674 2281 707 2322 ea
728 2255 989 2330 commorantibus,
1007 2273 1126 2334 necnon
1146 2267 1177 2314 et
1195 2277 1251 2337 pro
1272 2271 1371 2322 sancta
1471 2276 1472 2280 ’

275 2352 334 2412 Dei
355 2353 487 2416 Ecclesia
511 2354 583 2416 mihi
608 2377 624 2416 a
651 2351 784 2412 Domino
811 2348 1027 2408 commendata:
1055 2357 1086 2406 et
1111 2347 1260 2412 defendite
1284 2364 1371 2432 atque
1472 2379 1473 2424 l

275 2443 400 2506 liberate
425 2467 488 2506 eam
514 2446 567 2507 sub
593 2443 682 2506 nimia
703 2439 892 2500 festinatione
917 2435 954 2502 de
980 2439 1113 2502 manibus
1132 2445 1371 2523 persequentium
1470 2485 1473 2508 t

275 2536 554 2617 Langobardorum
578 2555 632 2610 ne,
652 2533 734 2614 quod
751 2531 843 2608 absit,
863 2554 969 2614 corpus
991 2555 1104 2610 meum,
1129 2536 1208 2614 quod
1228 2556 1284 2614 pro
1303 2536 1370 2600 Do-

61 2683 69 2702 ,
164 2665 178 2697 a
275 2627 357 2689 mino
377 2629 450 2688 Jesu
471 2627 589 2690 Christo
608 2638 756 2688 tormenta
775 2646 945 2707 perpessum
965 2641 1023 2702 cst,
1048 2639 1080 2688 et
1099 2628 1201 2688 domus
1220 2649 1301 2705 mea,
1319 2629 1371 2690 ubi
1473 2665 1474 2688 t

274 2736 330 2800 per
348 2721 408 2782 Dei
426 2719 667 2802 praeceptionem
686 2720 854 2799 requiescit,
873 2721 910 2782 ab
931 2721 972 2784 eis
993 2720 1245 2797 contaminentur,
1265 2733 1297 2784 et
1315 2743 1371 2802 po·

275 2812 362 2893 pulos
387 2833 468 2874 meus
487 2812 642 2894 peculiaris
666 2815 791 2876 lanietur
816 2813 955 2895 amplius,
981 2834 1036 2876 nec
1061 2813 1224 2876 trucidetur
1247 2814 1284 2876 ab
1308 2816 1372 2896 ipsa
1475 2883 1476 2910 ζ

276 2897 542 2988 Langobardorum
567 2917 675 2990 gente,
700 2907 751 2988 qui
775 2918 859 2976 tanto
884 2907 997 2989 flagitio
1024 2908 1147 2990 periurii
1169 2909 1214 2969 rei
1238 2909 1372 2985 esistunt,

201 2999 203 3006 ’
277 3009 308 3058 et
331 3010 560 3083 transgressores
581 3000 741 3064 divinarum
762 2999 978 3078 scripturarum
1004 3003 1177 3082 probantur.
1221 3003 1372 3068 Praestate

277 3111 351 3176 ergo
377 3093 489 3174 populo
514 3113 582 3154 meo
602 3092 754 3168 Romano,
776 3091 848 3152 mihi
868 3113 884 3152 a
904 3093 972 3154 Deo
993 3096 1148 3158 commisso
1171 3095 1203 3156 io
1229 3097 1283 3158 hac
1302 3097 1372 3173 vita,

276 3183 414 3248 fratribus
433 3185 546 3263 vestris,
564 3186 697 3246 Domino
718 3196 909 3264 cooperante,
929 3187 1072 3266 praesidia
1092 3188 1161 3248 totis
1180 3189 1280 3252 vestris
1299 3189 1370 3252 viri-

276 3275 348 3353 bus,
367 3291 400 3342 ut
420 3299 477 3362 ego
499 3280 603 3342 Petrus
622 3290 743 3340 vocatus
762 3277 821 3338 Dei
841 3275 1001 3357 Apostolus
1021 3279 1052 3378 in
1072 3280 1125 3342 hac
1146 3281 1204 3344 vita
1224 3293 1254 3344 et
1273 3283 1304 3344 in
1323 3282 1371 3343 dic

276 3367 369 3428 futuri
399 3372 535 3432 examinis
565 3371 649 3432 vobis
676 3371 787 3432 alterna
812 3369 985 3449 impendens
1010 3373 1188 3452 patrocinia,
1219 3375 1250 3432 in
1274 3395 1369 3454 regno

276 3459 336 3520 Dei
355 3459 528 3522 lucidissima
549 3482 582 3522 ac
600 3465 750 3541 praeclara
769 3463 853 3525 vobis
873 3485 1044 3543 praeparem
1061 3463 1262 3535 tabernacula;
1282 3476 1371 3545 atque

181 3553 185 3561 '
276 3550 408 3634 praemia
432 3563 569 3612 aeternae
594 3553 795 3614 retributionis
820 3566 850 3614 et
868 3555 983 3616 infinita
1001 3556 1132 3616 Paradisi
1156 3555 1260 3637 gaudia
1287 3559 1371 3620 vohis

276 3643 420 3724 pollicens
440 3643 603 3704 adinvicem
621 3645 761 3716 tribuam;
787 3646 945 3708 dummodo
969 3669 1063 3708 meam
1081 3649 1244 3710 Romanam
1270 3653 1368 3714 civita-

276 3748 348 3812 tem,
368 3747 399 3797 et
417 3733 560 3817 populum
579 3757 675 3798 meum
695 3738 882 3818 peculiarem,
902 3741 1004 3802 fratres
1023 3754 1134 3804 vestros
1154 3744 1314 3820 Romanos,
1333 3747 1369 3818 de

277 3829 410 3898 manibus
430 3829 598 3909 iniquorum
618 3829 881 3912 Langobardorum
906 3834 991 3906 nimis
1010 3834 1152 3898 velociter
1171 3835 1369 3900 defenderitis.

355 3921 489 3998 Currite,
514 3923 635 4000 currite,
660 3944 714 4004 per
739 3925 835 3984 Deum
855 3924 950 3988 virum
975 3938 1005 3988 et
1027 3949 1128 3990 verum
1152 3950 1203 3990 vos
1228 3931 1370 3994 adhortor

279 4026 309 4078 et
326 4026 486 4096 protestor,
506 4017 613 4078 currite
634 4029 664 4078 et
682 4019 846 4095 subvenite,
866 4031 1021 4098 antequam
1040 4022 1107 4082 fons
1128 4023 1216 4096 vivus,
1235 4024 1368 4086 undese-

255 4109 257 4116 '
277 4109 341 4169 tiati
361 4120 391 4170 et
409 4109 504 4170 renati
524 4111 603 4187 estis,
622 4124 745 4183 arescat;
764 4124 919 4192 antequam
938 4113 1001 4192 ipsa
1018 4115 1132 4176 modica
1152 4115 1249 4176 favilla
1269 4118 1369 4178 defla-

278 4202 459 4278 grantissima
478 4203 593 4266 flamma
612 4225 777 4280 remanens,
797 4227 830 4266 ex
850 4225 906 4284 qua
925 4216 1049 4266 vestram
1069 4207 1163 4270 lucem
1181 4208 1371 4290 cognovistis,

279 4291 491 4372 exstinguatur3
510 4309 665 4378 antequam
684 4309 777 4358 mater
795 4310 889 4360 vestra
908 4298 1060 4378 spiritalis,
1078 4313 1175 4360 sancta
1195 4301 1252 4362 Dei
1263 4302 1370 4366 Eccle-

278 4382 335 4458 sia,
355 4383 384 4452 in
406 4407 462 4464 qna
482 4389 569 4452 vitam
590 4391 712 4472 speratis
731 4391 884 4472 percipere
904 4403 1065 4469 aeternam,
1085 4393 1267 4472 humilietur,
1287 4395 1370 4460 inva-
