2900 5086
500 355 515 390 Ι

782 411 871 486 aab
938 477 948 496 „

140 605 143 612 ⁴
224 583 255 612 '⁰
278 601 329 644 rac
350 579 418 640 fidei
437 575 620 658 possessione
640 575 799 654 associans,
819 597 875 639 nec
894 585 1006 638 vestrae
1025 593 1071 636 me
1091 575 1232 656 paucitati
1250 575 1287 636 in
1312 598 1397 638 con-

275 674 412 738 sensione
432 669 516 730 buius
536 689 631 732 novae
650 669 817 731 assertionis
832 669 945 730 socium
963 669 1100 744 admitto,
1118 669 1396 750 schpostolicae

277 765 359 842 Sedi,
378 751 504 842 antiquis
523 761 560 822 ab
580 763 664 824 initio
684 763 829 824 nascentis
843 761 993 824 Ecclesiae
1013 773 1043 822 ct
1059 761 1218 824 Catholicis
1239 765 1393 826 traditio-

274 861 376 934 nibus,
403 855 590 918 tutamentis
616 855 799 928 intentione,
828 867 891 916 tota
917 855 1014 916 cordis
1039 853 1186 916 alacritate
1212 857 1390 940 coniungo.

276 950 427 1032 Quicquid
446 949 477 1008 in
497 947 615 1008 illorum
635 948 744 1032 legitur
763 949 853 1023 libris,
874 949 924 1028 qui
944 948 1043 1008 divino
1064 947 1177 1028 Spiritu
1196 950 1305 1027 afflati,
1327 953 1390 1012 toti

277 1043 353 1108 Orbi
372 1065 388 1104 a
408 1043 475 1104 Deo
498 1041 616 1102 Christo
638 1042 697 1102 dati
722 1055 790 1104 sunt
808 1041 955 1102 Doctores
982 1040 1184 1104 indubitanter
1201 1053 1295 1104 teneo
1326 1045 1389 1106 hoc

273 1139 310 1200 ad
334 1137 455 1198 salutern
481 1136 594 1198 animae
620 1157 702 1198 meae
726 1137 862 1198 sulficere
887 1136 1025 1211 credens,
1059 1137 1140 1214 quod
1165 1137 1384 1198 sacratissimae

271 1230 467 1312 Evangelicae
497 1228 626 1292 veritatis
654 1229 757 1308 pandit
780 1227 915 1303 historia,
947 1228 1027 1308 quod
1051 1228 1223 1308 Apostolica
1253 1229 1289 1288 in
1321 1231 1382 1290 suis

273 1323 403 1406 epistolis
423 1325 577 1386 confirmat
596 1323 762 1398 auctoritas,
783 1325 862 1405 quod
883 1321 978 1388 eximii
993 1320 1119 1382 Sanctae
1132 1321 1381 1402 Scripturaetra-

272 1428 414 1494 sutores,
434 1429 464 1478 et
483 1418 632 1498 praecipui
653 1415 879 1492 Christianae‘F
881 1415 939 1476 idei
957 1415 1122 1489 Doctores,
1141 1416 1178 1474 ad
1198 1428 1378 1496 perpetuam

271 1511 397 1590 posteris
416 1509 555 1591 scripturn
575 1511 757 1590 reliquerunt
767 1508 955 1587 memoriam.
995 1504 1071 1566 Cum
1096 1508 1139 1568 bis
1165 1529 1286 1588 quoque
1308 1509 1378 1571 Do-

271 1603 411 1680 ctoribus,
431 1615 460 1664 et
477 1615 592 1664 sanctae
612 1604 763 1670 Ecclesiae
784 1599 953 1664 Pastoribus
978 1619 1076 1660 veram
1102 1601 1242 1680 praedico
1267 1603 1374 1674 fidem;

254 1715 344 1773 ¹quos
365 1695 396 1756 in
415 1697 562 1778 praesenti
580 1707 716 1776 tempore
740 1697 789 1756 ille
809 1693 896 1756 nobis
916 1692 995 1754 dedit
1014 1692 1185 1768 luminaria,
1215 1695 1266 1774 qui
1285 1694 1371 1754 dixit:

268 1787 347 1848 Ecca
369 1809 422 1864 ago
446 1787 586 1851 nodorum
610 1811 674 1850 sum
697 1787 824 1850 omnibus
848 1785 945 1848 diebm
971 1807 1059 1866 usquo
1083 1786 1127 1846 od
1149 1792 1373 1848 consummatio-

268 1901 333 1940 nem
350 1883 530 1962 sorrow).
569 1882 610 1942 Hi
638 1893 705 1940 sunt
728 1892 965 1964 propugnatores
991 1879 1059 1938 fidei
1083 1892 1218 1956 nostrae,
1247 1882 1278 1942 bi
1302 1895 1372 1944 sunt

268 1983 399 2034 rectores
425 1996 479 2054 per
503 1975 627 2035 diversas
647 1975 729 2034 sedes
749 1974 873 2036 civitatis
894 1972 1004 2035 Christi
1024 1973 1104 2034 cuius
1124 1975 1306 2036 antemurale
1326 1987 1371 2036 est

267 2064 355 2126 Fides
377 2062 546 2142 Catholica,
571 2077 600 2126 et
620 2068 723 2128 caritas
743 2067 920 2128 firmissimus
939 2087 1036 2128 murus
1048 2070 1056 2106 ¹
1069 2069 1117 2142 ⁸),
1149 2077 1179 2128 et
1197 2087 1371 2150 propugna-

268 2159 333 2222 cula
366 2159 532 2220 divinorum
560 2160 730 2220 testimonia
754 2160 979 2240 scripturarum,
1010 2171 1039 2220 et
1063 2159 1182 2221 divitiae
1209 2160 1309 2222 salutis
1335 2163 1367 2221 in

267 2272 302 2312 ea
321 2264 389 2312 sunt
406 2256 547 2328 sapiaentia
565 2268 592 2314 at
609 2257 743 2330 aduatici,
769 2275 836 2334 spes
855 2264 1006 2334 portarum
1026 2253 1174 2329 custodia,
1201 2273 1271 2333 quae
1291 2275 1367 2332 qua-

242 2357 335 2422 ¹tuor
354 2345 500 2423 clavibus,
525 2335 635 2424 id'est,
659 2347 830 2429 prudentia,
854 2345 983 2433 iustitia,
1008 2343 1182 2406 fortitudine
1204 2359 1233 2408 et
1249 2357 1368 2427 tempe·
1429 2375 1430 2392 κ

265 2439 359 2500 santia
386 2439 441 2520 piis
465 2441 636 2520 aperiuntur
661 2439 773 2500 animis.
812 2439 905 2500 Huius
923 2459 995 2498 vero
1016 2439 1139 2500 civitatis
1157 2440 1220 2520 ipse
1236 2441 1296 2502 Dei
1315 2463 1366 2504 ve·
1429 2435 1430 2519 ,

265 2544 370 2594 rusct
393 2535 531 2614 proprius
555 2534 647 2610 filius,
677 2535 758 2594 Deus
783 2553 868 2594 verus
887 2533 995 2607 bomo,
1024 2552 1108 2592 verus
1127 2534 1211 2596 Jesus
1232 2533 1365 2596 Christus

263 2624 409 2686 Dominus
435 2639 536 2688 noster
559 2627 663 2710 Regali
688 2627 834 2708 praesidet
858 2625 1020 2706 potentia,¹
1036 2625 1116 2690 culus
1140 2626 1234 2706 gratia
1268 2638 1361 2688 totam

263 2715 339 2778 illins
360 2720 482 2782 civitatis
500 2731 672 2782 structuram
692 2720 784 2801 regit,
805 2717 947 2790 defendit,
968 2729 998 2778 et
1017 2719 1126 2778 exaltat.
1166 2717 1310 2797 Quisquis
1329 2722 1364 2781 ad
1428 2743 1429 2818 p

263 2809 339 2869 banc
359 2810 503 2872 civitatem
522 2823 603 2868 recta
622 2811 677 2868 sibi
702 2810 871 2887 praeviante
899 2809 973 2884 lide,
1002 2831 1102 2870 manus
1120 2809 1270 2872 bonorum
1290 2834 1362 2893 ope·
1428 2833 1429 2905 p

163 2931 188 2964 v,
263 2919 328 2959 rum
348 2897 458 2958 habeus
479 2898 659 2983 plenissimas
680 2899 834 2981 pervenire
854 2900 988 2976 festinat,
1008 2916 1122 2982 apertas
1142 2903 1272 2964 inveniet
1289 2926 1360 2984 por-

262 3003 316 3068 tas,
337 3003 367 3053 et
384 2993 499 3074 Regem
517 2993 634 3075 Regum
654 3015 719 3056 curu
738 2992 867 3054 millibus
887 3006 1053 3058 sanctorum
1073 2997 1220 3080 agminum
1239 2997 1356 3060 obviare

262 3085 317 3146 sibi
336 3086 486 3167 gaudebit.

318 3189 347 3248 9.
387 3180 447 3242 Sed
474 3191 504 3240 et
527 3178 636 3262 gratias
660 3180 745 3242 vobis
769 3179 880 3263 agImus
902 3181 937 3242 de
965 3182 1101 3244 instantia
1122 3185 1285 3246 orationum
1294 3181 1356 3246 *ve-

261 3286 399 3351 strarum,
433 3272 537 3354 quibus
564 3275 734 3333 memoriam
759 3273 853 3334 nostri
880 3273 991 3336 assidue
1023 3296 1076 3338 vos
1107 3276 1217 3340 habere
1242 3279 1357 3354 dixistis,

262 3379 396 3447 optantes
416 3379 449 3426 ut
468 3387 570 3446 preces
590 3377 702 3426 vestrae
728 3367 922 3448 acceptabiles
946 3368 1005 3430 sint
1022 3371 1156 3431 Domino
1175 3372 1235 3432 Dei
1259 3371 1355 3432 Salva-

261 3459 320 3519 tori
339 3471 455 3529 uostro;
490 3469 520 3518 et
544 3469 577 3518 ut
595 3459 658 3538 ipse
678 3481 733 3540 per
751 3481 831 3522 snam
850 3461 1077 3529 miscricordiam
1098 3466 1206 3548 dignqs
1223 3485 1275 3526 vos
1294 3465 1355 3524 clli-

161 3547 164 3554 ’
261 3552 319 3612 ciat
343 3551 484 3626 exaudiri,
517 3561 547 3610 et
572 3553 608 3612 ad
634 3553 775 3615 unitatem
812 3567 928 3616 sanctae
952 3579 1021 3618 suae
1046 3557 1196 3620 Ecclesiae
1221 3577 1353 3620 revocare

262 3645 407 3726 dignetur,
428 3655 457 3704 et
477 3644 604 3706 eiusdem
624 3646 739 3725 pictatis
759 3649 886 3710 humeris
906 3650 937 3710 in
957 3661 1073 3712 sanctac
1093 3651 1193 3712 matris
1211 3651 1352 3712 Ecclesiae

260 3747 394 3819 reportet
413 3737 507 3812 ovile,
541 3738 592 3818 qui
619 3739 654 3799 de
680 3739 770 3801 coelis
789 3742 910 3802 veniens
931 3764 1014 3807 ovem
1035 3743 1186 3822 requirere
1207 3745 1352 3824 perditam,

260 3836 469 3905 inventamque
489 3853 554 3892 cum
574 3833 722 3913 triumpho
743 3833 856 3916 gloriae
882 3837 1035 3900 adsedem
1061 3849 1201 3918 paternae
1222 3840 1351 3900 Maiesta-

259 3927 296 3988 tis
316 3919 498 3997 revexit20).
1425 3991 1426 4002 χ

313 4025 359 4086 tt.
399 4013 476 4074 lllud
496 4025 641 4096 quoque,
670 4021 750 4100 quod
780 4020 863 4084 vobis
895 4025 1194 4106 nostrampietatem
1224 4025 1350 4108 flagitare
1425 4013 1426 4052 ³

256 4111 380 4193 placuit,
411 4119 552 4188 quatenus
582 4110 612 4168 in
643 4115 806 4193 praesentia
837 4127 951 4177 nostra·
970 4118 1063 4180 libelli
1091 4119 1182 4180 vestri
1207 4119 1349 4202 legeretur

257 4216 363 4277 textus,
384 4212 414 4260 et
432 4213 633 4280 perscrutante
654 4208 845 4285 plurimorum
872 4209 1013 4285 consilio,
1044 4211 1115 4291 quid
1138 4212 1170 4272 in
1195 4233 1232 4274 eo
1258 4224 1348 4272 rectae

257 4297 326 4358 fidei
344 4295 537 4357 sanctioribus
557 4299 744 4360 consentiens
762 4301 961 4378 inveniretur,
981 4303 1121 4381 lecimus,
1140 4306 1215 4366 sicut
1235 4306 1350 4386 petistis,

257 4388 445 4467 collectisque
465 4390 612 4479 undiquc,
635 4391 714 4462 velut
733 4395 857 4474 praelati
874 4415 988 4473 sumus,
1008 4399 1220 4462 Ecclesiasticis
1238 4399 1348 4460 Docto-
