2900 5086
192 591 195 606 '
227 627 231 636 ·
262 595 359 658 riosos
375 590 566 673 Triumphus,
584 601 616 654 et
633 607 718 653 saeva
737 590 847 672 praelia
867 589 971 680 quibus
983 585 1055 652 Zelo
1075 588 1167 652 divini
1186 589 1302 650 amoris
1325 610 1384 651 ac-

207 739 214 749 .
262 707 366 750 census
385 686 460 748 adeo
479 683 619 761 viriliter,
652 693 682 746 et
700 683 860 768 Magnifice
879 673 1046 746 Iuddelium
1065 682 1263 744 Idolatrarum
1288 683 1384 744 Scis-
1431 713 1432 720 ι

173 817 176 828 .
262 781 448 856 matieorum,
472 789 502 840 et
521 771 751 840 Haeredicorum
772 777 941 872 depravatas
961 775 1087 838 cervices
1107 775 1254 850 edomuit,
1277 775 1381 858 digna

261 873 464 936 aestimatione
483 870 679 951 perpenditis.
699 893 723 934 st
714 853 901 937 Labores
892 889 1072 944 innumeros,
1093 867 1288 948 Grandiaque
1310 869 1379 928 Pe-

260 967 353 1056 ricula
379 965 482 1045 quibus
507 983 663 1044 personam
688 985 769 1024 suam
792 983 848 1044 pro
876 962 1048 1024 defensione
1070 959 1259 1022 Ortbodoxae
1280 961 1379 1022 Fidei

261 1079 377 1140 semper
397 1057 545 1138 exposuit,
570 1077 604 1118 ea
624 1077 681 1138 qua
702 1055 840 1140 congruit
860 1054 1051 1138 diligentia,
1042 1075 1072 1114 ιιι
1091 1053 1221 1114 me'ntem
1240 1074 1377 1116 revoce-

260 1153 315 1228 tis,
344 1151 368 1212 si
392 1149 428 1210 ad
452 1149 517 1210 illas
543 1147 668 1212 famosas
693 1161 849 1212 structuras
871 1145 1089 1208 Cathedralium
1108 1145 1310 1208 Ecclesiarum
1337 1167 1374 1208 ac
1432 1170 1433 1198 ι

259 1241 509 1305 Monasteriorurn
529 1263 615 1324 quas,
641 1255 781 1324 atquae,
809 1241 840 1302 in
860 1240 947 1302 Locis
967 1223 1114 1322 pluribus
1117 1249 1177 1298 tam
1198 1237 1283 1300 Sacri
1304 1240 1372 1300 Ro-

260 1357 341 1398 ιιιιιιι
333 1335 481 1414 'Imperii
500 1357 587 1415 quarn
606 1337 705 1419 Regni
718 1333 870 1411 Francius,
891 1333 952 1394 eius
972 1331 1063 1392 erexit
1082 1331 1213 1407 devotio,
1232 1333 1372 1392 Interio-

260 1427 300 1490 ris
320 1427 457 1489 Hominis
476 1430 657 1510 perspicaces
678 1428 790 1490 Oculos
810 1425 980 1508 applicetis,
999 1425 1137 1504 prolecto
1158 1425 1291 1485 omniurn
1312 1426 1370 1485 du-

259 1523 370 1583 bietate
395 1533 508 1582 remota
537 1521 569 1582 in
592 1534 652 1583 tam
676 1519 814 1605 flagranti
840 1518 946 1579 ardore
971 1518 1060 1580 corda
1084 1529 1179 1580 vestra
1204 1518 1268 1578 sine
1295 1517 1368 1600 igne

261 1615 362 1676 divino
383 1613 537 1690 calcient,
566 1625 600 1674 ut
618 1616 668 1676 fiat
688 1616 718 1676 in
738 1612 869 1676 Ecclesia
894 1622 1006 1687 vestra,
1023 1628 1121 1691 'quam
1140 1610 1303 1688 Fundavit,
1336 1623 1368 1672 et

121 1665 125 1674 ’
147 1705 149 1714 ’
238 1707 411 1780 ,sensuam
430 1707 759 1784 nosvincamus,
787 1706 848 1766 esus
869 1691 973 1766 cattus
993 1703 1139 1765 estest-tor
1159 1726 1245 1785 quam
1264 1705 1366 1766 mutus

259 1800 442 1881 temporibus
462 1801 642 1882 praeteritis:
664 1810 845 1880 quapropter
857 1796 968 1858 Devoti
977 1795 1088 1860 Dilecti
1104 1819 1169 1858 cum
1181 1799 1259 1859 idem
1279 1799 1365 1880 prin-

158 1897 161 1902 '
260 1915 330 1974 ceps
359 1893 533 1976 Magnificus
564 1893 730 1975 praeclarae
760 1891 848 1952 Vitae
879 1909 947 1952 suae
980 1889 1146 1952 Primordia
1179 1891 1364 1954 Clarioribus

259 1987 434 2056 Instruxeria
452 1985 565 2062 mediis,
585 1996 615 2046 et
637 1984 843 2046 Charissimurn
863 1983 951 2042 finem
971 1983 1149 2045 Beatissimis
1173 1985 1274 2046 studiis
1300 1997 1364 2045 ter-

259 2079 396 2154 minavit,
426 2089 459 2138 ιιι
478 2079 567 2160 digua
586 2079 756 2160 provisione
776 2077 852 2138 sedis
872 2075 1080 2158 Apostolicae,
1105 2077 1235 2138 evidenti
1253 2078 1364 2140 sancti·

259 2173 328 2233 tatis
347 2171 533 2232 Testimonio
553 2172 632 2232 inter
650 2172 811 2232 Beatorum
830 2168 972 2230 meruerit
988 2168 1080 2230 Beata
1101 2167 1236 2253 Collegia
1254 2189 1361 2230 nume-

258 2265 335 2344 rari,
364 2276 506 2346 quatenus
533 2265 786 2346 contemplatione
815 2262 890 2339 Dei,
924 2273 954 2322 et
980 2262 1018 2339 qb
1044 2282 1126 2344 spem
1144 2261 1358 2322 Retributionis

260 2357 414 2436 aeternae,
443 2370 473 2419 et
498 2359 537 2419 ob
557 2357 765 2420 Reverentiam
783 2355 859 2416 tanti
883 2353 973 2414 vestri
992 2353 1131 2432 PatronI,
1160 2355 1360 2417 Festivitatem

260 2453 321 2513 eius
346 2463 547 2512 recurrentem
578 2461 713 2530 ternpore
745 2448 827 2508 annis
853 2446 946 2508 solitis
969 2447 1065 2509 velitis
1090 2461 1120 2510 et
1145 2449 1273 2510 debeatis
1297 2469 1359 2508 am-

258 2545 393 2623 modo²)
409 2565 474 2604 cum
489 2543 570 2603 omni
581 2542 758 2604 Reverentia
780 2553 810 2602 et
829 2539 988 2604 devotione
1008 2541 1168 2618 celebr'are,
1186 2565 1254 2603 narn
1272 2563 1358 2622 prae-

259 2635 307 2700 te'r
331 2637 466 2698 meritum
485 2635 701 2696 Retributionis
722 2635 801 2715 quotl
824 2634 930 2694 abinde
957 2634 1062 2715 procul
1089 2635 1177 2696 dubio
1202 2635 1355 2716 consequi-

258 2731 347 2806 mini,
373 2729 524 2792 Universis
543 2718 673 2809 Regibus
694 2741 724 2788 et
742 2727 926 2807 principibus
946 2727 1050 2788 Mundi
1070 2748 1104 2788 ex
1122 2747 1157 2788 eo
1177 2727 1245 2808 piae
1266 2727 1356 2788 devo-

238 2857 242 2866 ·
258 2823 349 2884 tionis
369 2821 457 2879 ardor
476 2819 641 2899 augebitur,
660 2831 693 2876 ut
710 2819 837 2879 debeant
850 2818 983 2880 similiter
1000 2819 1036 2880 ad
1046 2819 1162 2896 Pacem,
1181 2819 1354 2901 proiectum,

261 2926 293 2980 et
311 2915 498 2974 Incrementa
518 2909 615 2970 felicia
634 2911 832 2972 Ecclesiarum
851 2911 1024 2972 Sanctarum
1043 2913 1207 2992 intendere,
1228 2925 1256 2974 et
1265 2915 1353 2974 Prae-

259 3010 334 3070 latos
359 3027 393 3067 ac
417 3004 563 3080 Membra,
590 3023 750 3084 omnesque
772 3003 996 3066 Comministros
1022 3005 1051 3066 in
1073 3007 1189 3069 divinae
1209 3007 1352 3088 dispensa-

198 3121 205 3136 ·
258 3103 348 3168 tionis
369 3099 479 3162 Officio
499 3097 740 3180 propensioribus
758 3099 860 3164 studiis
879 3099 1016 3164 refovere
1035 3119 1162 3186 pergere
1182 3111 1238 3166 etc.

790 3331 822 3386 B.

258 3438 381 3491 Eiusdem
398 3432 564 3504 Imperatoris
582 3431 677 3486 Charta
696 3433 782 3498 altera,
800 3453 849 3504 qua
867 3432 1019 3504 requisitus
1036 3436 1068 3489 de
1084 3435 1211 3506 Reliquiis
1228 3437 1254 3492 S.
1267 3436 1350 3490 Caroli

227 3595 239 3608 ,
258 3523 296 3576 M.
313 3517 455 3592 particulae
472 3517 598 3587 quaedam
615 3519 819 3572 transmittantur
831 3517 927 3572 Carolo
939 3517 970 3571 V.
981 3518 1105 3572 Francius
1114 3519 1185 3588 Regi,
1202 3521 1231 3572 in
1248 3524 1349 3576 donum.

333 3659 458 3722 Karolus
480 3659 609 3736 Quartus
630 3670 685 3720 etc.
723 3659 854 3737 Fideles,
884 3659 991 3723 dilecti.
1031 3661 1064 3722 si
1087 3661 1200 3746 Legitis
1225 3664 1348 3725 studiose

258 3753 388 3818 Annales
414 3763 444 3812 et
466 3752 625 3830 Historias,
650 3753 674 3814 si
698 3764 848 3836 gestorum
872 3767 1005 3816 veterum
1032 3755 1217 3816 delectamini
1241 3770 1347 3840 gratum

258 3849 366 3910 babere
391 3845 584 3922 Recordium,
613 3845 751 3928 profecto
776 3847 1024 3910 ad'llecoleudae
1049 3850 1207 3910 memoriae
1226 3851 1295 3912 Divi
1317 3873 1349 3913 ac

257 3941 343 4004 Beati
362 3937 464 4000 Karoli
489 3939 690 4001 Romanorum
717 3941 907 4022 Imperatoris
929 3941 1054 4024 Augusti
1079 3943 1244 4004 extollenda
1267 3965 1347 4023 prae-

258 4036 345 4098 conia
364 4033 439 4093 iusta
457 4031 573 4092 ratione
592 4034 752 4111 tenemini,
780 4047 813 4096 ut
832 4034 919 4097 etiam
937 4056 1025 4116 super
1043 4036 1102 4096 mel
1123 4048 1153 4097 et
1172 4035 1268 4098 savum
1287 4036 1347 4097 dul-

258 4139 354 4192 ccscat
376 4125 478 4190 vestris
497 4124 629 4186 Laudum
654 4129 819 4206 praeconiis
844 4127 933 4210 ipsius
957 4129 1111 4190 memoria:
1141 4129 1203 4210 ipse
1228 4151 1345 4210 namque

257 4218 487 4284 Mansuetudinis
512 4219 630 4278 innatae
648 4219 798 4283 Beneficio
824 4242 840 4282 a
865 4241 896 4282 se
921 4233 1055 4302 coeptam
1075 4222 1212 4283 radicitus
1230 4224 1344 4303 Aquen-

257 4333 318 4374 sem
336 4311 573 4392 Rempublicam,
596 4313 826 4376 Mansuetudinis
844 4314 968 4378 munivit
986 4315 1135 4394 praesidiis
1155 4325 1186 4376 et
1205 4327 1343 4396 tempora-

256 4405 331 4470 libus
350 4401 452 4466 extulit
470 4405 575 4472 divitiis
594 4418 625 4467 et
644 4406 780 4483 Honore,
800 4407 863 4488 ipse
881 4408 1033 4471 Romanae
1052 4408 1164 4496 Regiae
1183 4408 1268 4470 Sedis
1285 4407 1343 4492 api-
