2908 5094
784 461 873 530 lato

282 644 398 706 semper
418 621 535 704 quando
555 619 664 683 seruire
685 619 804 695 debent,
823 625 873 680 aut
892 617 927 678 ad
947 637 1002 678 nos
1017 615 1214 678 transmittere
1232 613 1384 676 sufficien-

275 719 481 879 ,tndbffl
510 809 654 870 Volumus
673 819 707 868 nt
725 805 821 887 pullos
842 818 872 866 et
892 825 946 869 ova
966 825 1040 884 quos
1059 803 1219 864 servientes
1230 803 1278 865 rel
1297 823 1385 864 man-

280 904 368 964 suarii
379 903 409 982 ¹)
425 904 556 966 reddunt
575 925 631 986 per
649 900 782 980 singulos
792 919 895 974 annos,
914 899 1047 978 recipere
1058 897 1196 975 debeant,
1215 909 1247 958 et
1261 898 1384 978 quando

156 1001 161 1017 “
265 1017 340 1058 ·non
360 996 523 1073 servierint,
542 997 620 1076 ipsos
640 993 809 1054 venundare
828 991 946 1052 saciant.

335 1091 396 1150 XL.
435 1090 479 1148 Ut
503 1089 700 1168 unusquisque
731 1079 818 1146 iudex
841 1105 895 1166 per
919 1083 1000 1145 villas
1020 1069 1314 1166 nouma'singulares
1335 1095 1382 1144 et-

279 1183 420 1260 lebasl),
434 1202 572 1264 pavones,
592 1181 733 1255 fasianos,
754 1189 870 1254 saetas,
890 1177 1058 1254 columbas,
1078 1177 1221 1258 perdices,
1241 1187 1382 1252 turtures,

161 1305 164 1318 ·
276 1275 502 1358 paradigmatis
521 1295 605 1335 causa
626 1271 801 1352 omnimodis
820 1291 936 1352 semper
954 1271 1090 1332 babeant.

334 1368 412 1428 XLI.
449 1369 493 1427 Ut
511 1365 643 1428 aedificia
663 1365 741 1426 intra
761 1375 856 1426 curtes
876 1375 1005 1440 normas,
1033 1365 1083 1426 vel
1102 1383 1186 1445 sepes
1204 1363 1237 1423 in
1257 1363 1380 1424 circuitu
1445 1355 1446 1364 ¹

277 1461 355 1522 bene
375 1460 434 1522 sint
452 1460 624 1536 custoditae,
644 1469 674 1519 et
693 1457 816 1532 stabula,
835 1456 884 1518 vel
900 1458 1056 1537 aequiore,
1075 1469 1163 1538 atque
1175 1456 1307 1537 pistrina,
1327 1477 1380 1518 sen
1444 1511 1446 1542 a

277 1553 445 1629 torcularia,
465 1553 594 1614 studiose
612 1564 806 1634 praeparatae
827 1551 909 1628 liant,
929 1562 1081 1631 quatenus,
1100 1551 1211 1614 ibidem
1230 1549 1379 1632 condigne
1445 1603 1446 1616 ,

277 1645 481 1706 ministeriales
501 1646 596 1708 nostri
616 1645 713 1706 ollicia
735 1665 836 1704 eorum
857 1645 933 1705 bene
954 1644 1045 1706 nitide
1066 1665 1210 1728 peragere
1229 1645 1352 1725 possint.
1444 1703 1446 1722 ,

326 1739 426 1801 ‚XLII
469 1740 509 1800 Ut
533 1758 726 1818 unaquaeque
750 1739 819 1799 villa
844 1739 920 1798 intra
941 1751 1101 1815 canteram,
1127 1737 1263 1813 lectariar,
1289 1737 1380 1798 culci·
1445 1731 1446 1738 '

275 1834 372 1912 tare),
392 1832 554 1912 plumatias,
574 1831 762 1910 batlinias⁴),
783 1829 911 1912 drappos
931 1832 967 1894 ad
987 1831 1294 1911 discumbancales⁸),
1312 1851 1378 1894 rasa

149 1953 158 1960 ·
248 1921 250 1931 ⁴
269 1938 371 2002 'aerem
391 1925 538 2006 plumbea,
558 1926 665 2000 ferrea,
678 1924 787 2006 lignea,
806 1925 989 2004 andedosl),
1003 1937 1131 2000 catenas,
1150 1926 1379 2002 enarrarunt),

276 2018 423 2079 dolaturas
433 2019 484 2097 ⁸),
511 2037 643 2094 secures,
663 2017 694 2077 id
713 2028 757 2076 est
777 2016 913 2080 cuniadas
923 2021 969 2095 ⁹),
1002 2017 1150 2095 terebros,
1180 2020 1210 2080 id
1236 2031 1280 2080 est
1301 2031 1378 2079 tara-

273 2111 405 2187 drosll)
425 2110 565 2192 scalpros,
584 2111 632 2174 vel
651 2109 751 2171 omnia
771 2109 907 2171 utensilia
923 2111 1035 2173 ibidem
1047 2113 1184 2190 babeant,
1203 2115 1244 2173 ita
1263 2125 1296 2174 nt
1315 2133 1377 2174 non

181 2227 186 2236 ¹
273 2203 311 2265 sit
329 2223 459 2280 necesse,
481 2203 572 2264 aliubi
590 2205 648 2264 boc
670 2221 826 2282 quaerere,
847 2215 897 2262 aut
917 2207 1120 2282 commodare,
1150 2217 1180 2266 et
1199 2203 1378 2266 ferramenta

268 2297 355 2376 quod
368 2297 408 2356 in
426 2295 547 2356 bo'stem·
562 2298 682 2372 ducunt,
701 2296 732 2354 in
753 2289 855 2358 eorum
876 2295 1005 2358 babeant
1024 2297 1127 2380 plebio
1152 2299 1276 2379 qualiter
1295 2298 1380 2360 bona

271 2389 398 2468 :inpar
409 2390 516 2450 iterum
536 2391 654 2470 quando
672 2399 862 2450 revertuntur
879 2388 910 2448 in
931 2410 1044 2452 camera
1063 2393 1224 2453 mittantur.

272 2509 298 2540 r:
313 2525 316 2540 .
329 2482 438 2542 XLIII.
477 2483 525 2542 Ad
545 2483 655 2564 genitia
675 2493 777 2544 nostra
795 2481 871 2542 sicut
888 2483 1051 2546 Institutum
1071 2498 1115 2546 est
1135 2507 1225 2566 opera
1245 2485 1281 2546 ad
1301 2497 1378 2546 tem-

271 2591 326 2654 pus
346 2571 415 2631 dare
436 2573 554 2650 faciant,
573 2575 603 2634 id
623 2585 667 2636 est
686 2574 787 2651 linum,
807 2575 919 2652 lanam,
937 2577 1123 2658 roriston),
1141 2579 1304 2642 vermiculo
1316 2581 1378 2658 ¹²),

270 2663 646 2745 manantia1.⁸),'pecrinos
666 2668 795 2744 laninas,
819 2669 977 2745 cardones,
1001 2691 1158 2753 saponem,
1182 2674 1378 2751 unctum¹⁴),

270 2756 401 2832 saecula,
416 2756 463 2816 vel
482 2758 595 2836 reliqua
613 2759 736 2820 minutia
748 2763 810 2841 ¹⁵),
830 2781 904 2840 quae
923 2761 1035 2826 ibidem
1054 2767 1216 2828 neremaria
1236 2777 1313 2828 sunt.

330 2849 437 2908 XLIV.
476 2849 523 2908 De
545 2850 856 2933 quadragesimate1⁶)
884 2855 958 2917 duae
978 2869 1075 2937 partes
1096 2859 1133 2920 ad
1152 2861 1301 2922 servitium
1320 2881 1377 2921 no·
1443 2849 1444 2930 ξ

272 2949 364 3000 strum
383 2940 506 3002 ueniant
523 2962 577 3022 per
595 2943 727 3026 siagulos
746 2967 855 3024 annos,
878 2961 937 3010 tarn
958 2951 994 3012 de
1014 2948 1211 3034 leguminibus
1232 2973 1378 3034 quamque

271 3033 361 3111 etrde
380 3034 504 3116 piscato,
525 3056 576 3096 seu
596 3036 762 3116 sarmatico,
782 3041 921 3120 butirum,
940 3045 1009 3120 mel,
1028 3046 1147 3126 sinape,
1167 3059 1263 3123 aceto,
1281 3047 1376 3122 milio,
1443 3057 1444 3092 l

271 3129 452 3210 panicum),
473 3127 608 3190 herbulas
628 3131 717 3194 siccas
728 3135 775 3195 vel
791 3136 907 3211 virides,
927 3137 1111 3224 radicea¹⁸),
1131 3159 1235 3220 napos,
1254 3140 1376 3221 insuper

270 3233 303 3283 et
321 3224 511 3302 ceteram¹⁹)
530 3222 578 3284 vel
597 3243 737 3304 saponem
757 3239 845 3308 atque
866 3228 962 3290 ceteia
982 3223 1113 3290 minutia.
1160 3233 1201 3292 Et
1225 3233 1306 3314 quod
1325 3254 1374 3294 re-

270 3314 381 3393 liquum
400 3316 505 3394 luerit,¹
519 3316 606 3378 nobis
626 3339 680 3398 per
696 3318 817 3382 brevem
836 3323 911 3383 sicut
929 3343 1016 3404 supra
1037 3323 1157 3387 dixImm
1176 3303 1375 3404 irinotescant,

270 3415 304 3464 et
322 3407 486 3470 nubatenus
506 3410 564 3470 bac
584 3413 818 3490 praetermittant
837 3415 912 3477 sicut
931 3439 1022 3499 usque
1042 3439 1122 3480 nunc
1141 3419 1286 3497 fecerunt,
1306 3422 1375 3500 quia

271 3513 329 3576 per
353 3497 416 3558 illas
443 3500 512 3560 duas
537 3513 634 3581 partes
659 3506 794 3568 volumus
820 3529 1018 3592 cognoscere,
1047 3512 1086 3571 de
1112 3510 1160 3572 illa
1185 3515 1273 3576 tertia
1298 3537 1375 3596 quae

270 3589 418 3650 remansit.

329 3682 419 3746 XLV.
458 3686 501 3745 Ut
519 3686 717 3768 unusquisque
737 3691 823 3752 iudex
841 3693 873 3753 in
892 3717 945 3756 sno
965 3697 1129 3760 ministerio
1149 3699 1245 3762 bonas
1266 3703 1377 3765 babeat

213 3795 220 3814 ·
274 3774 409 3854 artifices,
429 3778 459 3838 id
479 3790 523 3840 est
541 3779 640 3842 fabros
661 3783 811 3862 ferrarios,
831 3797 861 3848 et
880 3789 1023 3868 aurifices,
1041 3792 1089 3853 vel
1110 3796 1304 3875 argentarios,
1324 3821 1375 3860 su-

315 4047 336 4096 1)
349 4044 448 4090 Iltifner.
475 4071 498 4081 -
526 4049 549 4102 ²)
564 4051 623 4095 ltdle
636 4053 740 4101 llttbner.
768 4081 794 4094 -
821 4059 843 4108 ⁸)
857 4055 956 4104 Pfllble.
984 4085 1009 4095 -
1037 4062 1061 4116 ⁴)
1074 4064 1206 4110 Boettcher.

315 4111 339 4165 θ)
353 4109 447 4156 Ttteber
459 4113 503 4156 aul
512 4115 550 4158 dia
563 4117 714 4166 Bischlriinlro.
725 4149 728 4156 -
741 4147 767 4160 -
793 4123 816 4176 θ)
831 4125 998 4183 Brandrbdeaa
1013 4129 1169 4180 tteuarttnts.

311 4179 664 4236 ¹)1tenettastrn,1tranmao.
691 4213 715 4222 —
743 4190 765 4240 ε)
778 4192 869 4238 llatae.
897 4217 922 4226 -
949 4193 971 4245 ο)
984 4195 1137 4252 Spiutaten.

236 4291 240 4300 ι
302 4243 339 4292 ¹⁰)
353 4245 511 4319 ll'oblbobrer.
538 4274 564 4286 -·
592 4250 629 4301 ,¹¹)
645 4252 725 4298 Weid.
751 4278 777 4288 ·-
806 4259 1033 4318 ¹²)1tostgsftrma
1046 4264 1244 4318 waltmasta.

301 4307 518 4360 tarnatensem.
544 4341 568 4352 -
598 4317 635 4370 Η)
653 4319 769 4366 Submeer.
796 4349 821 4360 -
850 4327 889 4382 Η)
904 4327 1010 4387 Abgang.
1037 4356 1062 4366 -
1091 4333 1327 4390 nunccupare..

302 4374 799 4441 ¹⁷)Fenctstatns.(1’anteumtrattuom.)
825 4417 850 4428 -
878 4393 1045 4446 ¹⁸)Itettiube.

286 4441 339 4492 os)
352 4441 486 4503 manarant,
499 4447 642 4507 raptarum.
1174 4509 1176 4516 .
1241 4453 1255 4488 Ι
