2908 5094
78 573 142 625 nos
167 561 340 644 Apostolica
364 563 448 626 sedes
474 527 534 624 bod
550 561 659 628 officio
687 563 875 647 frangebam.
903 591 906 600 ·
934 565 1005 640 Quo
1028 563 1131 631 officio
1147 567 1183 628 B.

78 655 260 740 Gregorius.
272 658 303 716 iu
322 657 451 719 Diacoui
472 657 588 724 Ordine
607 655 722 718 iunctus
738 658 813 734 luit,
833 669 864 718 et
883 677 918 717 cx
937 657 1000 718 aliis
1019 657 1185 740 praecipuis

77 748 205 810 sedibus
224 763 279 829 per
296 751 451 812 Diaconos
469 751 501 810 id
518 748 648 810 officium
668 753 888 830 exsequebatur,
907 751 981 812 sicut
999 751 1074 812 sacri
1092 772 1186 814 cano-

71 862 135 903 -ncs
153 841 273 904 iubent
312 846 353 904 Et
378 843 473 906 iubis
494 840 640 919 cisalpinis
659 842 829 922 regionibus
852 856 1009 926 postquam
1028 841 1186 906 Hludowi·

78 956 133 996 cus
153 937 377 1016 praedicatione
396 937 431 996 Β.
451 934 578 1016 Remigii
598 934 634 994 ad
655 932 802 996 Christum
821 959 995 1014 conversus,
1015 947 1046 998 ct
1064 935 1100 996 ab
1121 935 1185 1016 ipso

77 1048 150 1088 cum
172 1027 269 1093 tribus
288 1029 415 1100 millibus
434 1029 617 1088 Francorum
636 1028 667 1086 iu
687 1027 788 1108 vigilia
807 1031 897 1092 sancti
924 1030 1035 1092 Pascha
1053 1028 1187 1109 baptiza-

76 1130 127 1181 tus
148 1122 270 1196 exstitit,
290 1143 344 1202 per
361 1123 558 1186 successiones
577 1121 693 1202 Regum
713 1121 807 1182 sancti
817 1123 957 1202 Episcopi
977 1145 1011 1184 ex
1029 1123 1088 1186 suis
1107 1121 1186 1184 sedi-

75 1213 146 1290 bus,
169 1226 357 1294 attempore
375 1213 557 1294 competenti
576 1213 716 1294 palatium
735 1213 885 1276 visitantes
904 1215 1025 1276 vicissim
1038 1216 1113 1276 hanc
1133 1216 1185 1276 ad-

48 1363 50 1376 ,
74 1307 333 1368 ministrationem
351 1307 567 1388 disposuerunt.
605 1307 632 1366 Α
651 1299 786 1386 tempo're
804 1325 876 1366 vcro
895 1305 1014 1384 Pippini
1034 1320 1065 1368 et
1084 1305 1186 1368 Caroli

73 1399 235 1460 interdum
254 1419 309 1480 per
329 1400 533 1483 Presbyteros,
552 1400 698 1462 interdum
723 1420 778 1478 per
795 1399 961 1480 Episcopos
980 1401 1062 1480 regia
1078 1401 1187 1462 volun·
1239 1451 1243 1476 ,

75 1503 165 1574 tate,
189 1504 277 1572 atque
296 1495 468 1575 Episcopali
492 1513 637 1554 consensu
657 1515 711 1575 per
729 1493 898 1568 Diaconos,
922 1489 969 1552 vel
993 1490 1204 1572 Presbyteroa*

74 1585 190 1666 magis,
208 1607 296 1665 quam
315 1608 375 1666 per.
389 1587 554 1668 Episcopos
573 1587 631 1652 boc
652 1587 782 1648 officium
795 1596 961 1648 exsecutum
978 1583 1099 1644 exstitit:
1118 1585 1187 1664 quia

75 1679 229 1760 Episcopi
254 1680 410 1740 continuas
432 1681 544 1762 vigilias
568 1701 656 1761 supra
684 1697 807 1764 gregeus
830 1701 915 1740 suum
938 1675 1050 1738 debent
1072 1676 1187 1743 assidue

77 1773 219 1852 exemplo
232 1785 271 1834 et
289 1771 384 1844 rcrbp
403 1773 541 1855 vigilare,
566 1785 597 1834 et
619 1795 683 1836 nou
709 1774 817 1836 diutins
840 1770 1001 1834 secundum
1020 1789 1118 1834 sacros
1137 1789 1187 1832 ca-

76 1885 177 1939 nones
193 1886 212 1926 a
231 1867 289 1928 suis
309 1866 411 1936 abesse
430 1867 586 1947 parochiis.
673 1931 675 1938 ,
1044 1935 1048 1951 .
1098 1925 1101 1934 ,
1211 1938 1215 1946 ¹

135 1960 206 2020 XV.
244 1960 354 2038 Neque⁴
369 1959 445 2028 iuxta
466 1961 585 2022 decreta
606 1979 639 2020 ex
658 1960 746 2023 sacris
765 1955 929 2020 canonibus
947 1955 1133 2040 promulgata
1151 1957 1186 2018 B.

79 2051 245 2136 Gregorii,
271 2053 435 2132 praetoria,
456 2072 530 2130 quae
550 2071 630 2112 nnnc
648 2051 747 2134 regia,
765 2062 796 2112 ct
814 2049 945 2113 usitatius
964 2049 1072 2130 palatia
1089 2049 1187 2110 nomi·
1291 2039 1295 2052 ¹

78 2157 204 2220 uantur,
223 2144 334 2206 debent
353 2143 498 2217 inutiliter
518 2144 673 2206 observare
688 2163 726 2204 ne
738 2143 889 2204 incurrant
901 2143 1050 2218 iudicium,
1068 2155 1102 2210 ut
1113 2164 1187 2206 cou-

79 2245 126 2300 tra
146 2237 258 2318 placita
278 2257 425 2302 canonum
445 2236 502 2298 sibi
522 2236 553 2296 in
575 2233 763 2296 ordinatione
782 2254 833 2294 sua
851 2235 957 2296 tradita
971 2235 1113 2298 facientes
1131 2236 1187 2316 ipsi

77 2330 139 2392 sibi
159 2331 278 2392 bonore
298 2331 417 2410 privent
435 2327 644 2393 eeclesiastico.
682 2328 738 2401 Et,
759 2337 796 2392 ¹ut
814 2326 851 2386 de
870 2325 957 2386 licitis
976 2328 1110 2406 exemplo
1129 2348 1187 2406 po-

78 2440 206 2495 namus,
231 2431 261 2480 et
284 2423 321 2482 dc
340 2422 452 2482 inlicite
471 2420 616 2502 usurpatis
639 2439 702 2480 non
721 2430 884 2486 taceamus:
907 2427 1042 2497 ternpore
1068 2418 1189 2498 Pippini

79 2511 113 2578 et
136 2511 243 2576 Caroli
263 2513 320 2576 boc
339 2513 531 2574 ministerium
551 2533 695 2574 consensu
713 2512 931 2596 Episcoporum
958 2530 1012 2591 per
1029 2510 1188 2572 Fnlradum
1294 2571 1305 2585 ,

80 2607 307 2688 presbyterum
327 2617 462 2686 tempore
484 2607 570 2666 etiam
591 2605 694 2666 Caroli
719 2625 774 2684 per
791 2605 1022 2689 Engelratnnum
1041 2616 1071 2666 ct
1089 2604 1188 2666 Hildi-

16 2687 19 2692 ¹
80 2701 212 2770 boldum
220 2699 377 2780 episcopos
389 2710 523 2780 tempore
539 2699 668 2779 denique
680 2697 850 2778 illudowici
868 2717 922 2777 per
932 2696 1106 2758 Hilduinum
1118 2717 1188 2776 pre·
1273 2775 1275 2781 γ

82 2794 252 2876 abyurun,
269 2805 301 2852 et
319 2803 388 2874 post
407 2811 474 2854 cum
493 2813 548 2874 per
565 2792 728 2854 Falconem
747 2791 818 2852 item
839 2788 1188 2871 presbyterum-deinde

81 2909 136 2969 per
154 2889 331 2969 Dragonem
351 2885 521 2967 episcopum
541 2885 650 2948 exstitit
668 2886 725 2946 hoc
743 2883 936 2946 ministerium
957 2894 1130 2952 exsecutum.

100 2997 103 3004 ⁴
137 2982 224 3045 XVI.
261 2978 477 3062 Apocr'isiarius
507 2989 604 3040 autem
632 2996 719 3057 quent
750 2987 895 3038 nostrates
922 2973 1114 3055 Capelianum
1139 2975 1206 3036 vel·
1317 3041 1322 3050 ¹

82 3073 190 3136 Palatii
215 3074 375 3142 custodem
392 3070 558 3152 appellant,
587 3089 705 3132 omnem
729 3069 839 3154 clerum
864 3066 978 3128 patuit
993 3067 1048 3128 snb
1069 3088 1139 3126 cura
1157 3078 1189 3128 ct

83 3167 278 3248 dispositione
296 3185 346 3228 aua
372 3161 506 3248 regebat.
546 3161 605 3224 Cui
630 3161 798 3224 sociabatur
821 3161 958 3220 Summus
978 3155 1189 3231 Cancellarius,

84 3261 132 3338 qni
152 3281 171 3320 a
191 3260 312 3320 secretis
332 3259 402 3320 otim
422 3256 636 3338 appellabatur,
657 3267 799 3334 erantque
819 3252 863 3314 illi
883 3249 1016 3312 subiecti·
1027 3247 1188 3328 prudentes

85 3364 114 3412 et
132 3351 340 3433 intelligentes
360 3371 393 3412 ac
412 3349 513 3410 fideles
532 3349 605 3424 viri,
631 3349 682 3426 qni
707 3357 866 3426 praecepta
891 3341 974 3424 regia
997 3341 1109 3420 absque
1132 3341 1187 3402 im-

87 3447 242 3508 modarata
261 3443 428 3524 cupiditatis
447 3440 605 3504 venalitate
617 3439 791 3514 scriberent,
810 3449 841 3498 et
859 3447 971 3500 secreta
985 3434 1189 3506 illisdideliter

86 3539 279 3604 custodirent.
317 3537 392 3598 Post
408 3556 462 3599 eos
480 3554 553 3598 vero
577 3553 690 3594 merum
709 3530 852 3592 Palatium
882 3550 937 3610 per
960 3528 1014 3590 boa
1038 3527 1187 3591 ministros

87 3619 315 3714 disponebatur:
334 3650 390 3710 per
409 3625 610 3691 Camerarium
629 3623 766 3694 videlieet
784 3637 816 3686 et
831 3622 978 3688 Comitem
996 3620 1112 3698 Palatii,
1132 3621 1196 3684 Sc-'
1297 3617 1302 3636 '

86 3725 263 3800 uescalcum,
281 3722 502 3799 Buticularium,
523 3719 670 3784 Comitem
688 3717 811 3798 stabuli,
830 3713 1069 3790 Mansiomrium,
1086 3705 1188 3782 blena..

87 3823 165 3879 tores
183 3817 363 3899 principales
384 3828 520 3897 quatuor,
538 3813 744 3876 Falconarium
763 3829 863 3870 unum.
1187 3858 1190 3868 ,

143 3911 244 3975 XVII.
281 3911 323 3972 Et
341 3909 471 3992 quamvis
498 3907 551 3970 snb
576 3907 646 3988 ipsis
671 3915 721 3966 aut
745 3923 779 3964 ex
797 3903 889 3964 latere
909 3923 1012 3964 eorum
1031 3901 1080 3965 alii
1095 3900 1188 3968 ruini-

90 4003 219 4066 stariales
238 4003 371 4080 fuissent,
391 4017 422 4066 et
442 4001 595 4076 Ostiarius,
615 3997 799 4071 sacellarius,
818 3995 1022 4076 Dispensator,
1041 3994 1189 4070 Scapoare
1210 4025 1216 4057 t

47 4141 51 4145 -
92 4091 154 4170 dus,
173 4107 205 4156 et
224 4115 465 4176 quorumcunque
486 4117 520 4156 ex
539 4095 580 4155 cis
599 4092 750 4164 Iuniores,
776 4101 826 4156 ant
843 4089 958 4152 Decani
982 4086 1120 4156 luissent,
1138 4081 1189 4160 vel

93 4188 178 4246 etiam
189 4189 239 4250 alii
258 4207 293 4250 ex
311 4189 414 4263 latere,
432 4190 506 4250 sicut
522 4185 662 4260 Bersarii,
680 4183 829 4257 Veltrarii,
847 4179 1008 4254 Beverarii,
1025 4176 1074 4238 uel
1090 4176 1187 4256 siqui
1282 4222 1286 4238 .

94 4278 184 4342 adbuc
203 4293 396 4362 supererantr.
410 4292 622 4354 verumtamen,
641 4277 768 4358 quamvis
784 4275 883 4355 etipsi
894 4269 1002 4355 singadi
1015 4270 1191 4332 iuxtaauam
1277 4293 1283 4297 ·

93 4373 259 4448 ‘qualitatem
286 4376 324 4437 ad
348 4373 404 4436 boc
430 4373 537 4434 intenti
564 4383 675 4448 essem,
693 4393 760 4436 ‚non
787 4383 884 4434 tamen
908 4367 946 4428 ad
967 4384 1034 4439 eos,
1048 4363 1132 4427 ¹sicut
1151 4362 1187 4427 ad

866 4461 953 4555 [μ’]
