2960 5094
609 459 668 528 67

88 605 235 664 concessit
259 605 353 688 gratia
377 609 546 692 religiosam
578 613 682 676 ducere
712 617 816 694 vitam,
847 632 935 702 atque
959 643 1059 689 secura
1085 629 1185 712 queat
1213 682 1219 696 ,

87 694 155 754 Deo
175 695 295 761 Christo
321 703 477 764 deservire.
523 707 597 766 Ideo
622 708 745 772 sollicita
768 723 868 775 mente
893 725 924 775 et
946 717 995 798 pia
1018 719 1186 786 intentione

85 805 140 866 pro
159 799 209 848 tna
229 796 429 874 prosperitate
449 807 480 856 et
499 797 591 859 salute
604 820 702 862 curam
716 805 823 866 babere
837 819 867 868 et
877 808 1061 874 intercedere
1079 815 1186 878 iustum
1232 811 1235 829 ’

85 891 114 938 et
134 887 336 948 necessarium
361 888 517 966 babemus,
543 891 675 954 domine·
690 895 965 980 desiderantium,
991 916 1079 986 atque
1104 909 1186 970 omni

83 973 389 1064 bonore·dignissime
407 980 504 1044 David
523 983 593 1044 Rex.
636 1007 638 1013 ·
907 981 913 996 ’

534 1179 735 1196 Qun—n

591 1340 678 1410 XXI.

97 1455 313 1527 Exemplar
338 1458 538 1531 Epistulae
559 1462 726 1524 Adriani
748 1469 882 1540 Pulsus
903 1473 955 1528 nd
978 1475 1168 1541 domnum

80 1537 209 1594 Carolum
228 1542 324 1610 llegem
343 1547 464 1611 directae,
480 1549 508 1600 in
531 1569 582 1620 qna
600 1541 747 1606 continetur
768 1557 801 1608 de
822 1557 940 1624 Arigbiso
953 1557 1035 1619 ,Duce
1052 1561 1184 1620 Beneven-

80 1635 149 1691 tano,
169 1626 214 1696 qui
231 1643 372 1698 postquam
390 1631 443 1686 Rex
462 1631 573 1686 Carolus
590 1655 605 1687 a
624 1637 748 1707 Capuam
772 1641 839 1693 urbe
862 1643 1016 1708 revertisset,
1039 1651 1186 1718 praedictus
1274 1677 1277 1690 ·

80 1709 227 1775 Ariglaisuo,
250 1713 311 1766 Deo
329 1713 542 1791 sibinontrario,
564 1723 635 1790 apud
657 1723 843 1794 Imperatorem
861 1725 953 1781 Missos
973 1749 1034 1784 suos
1052 1731 1187 1802 dirorum
1294 1791 1298 1802 ,

80 1807 169 1861 petens
185 1797 311 1852 auxilium
329 1813 355 1852 et
370 1800 498 1854 bonoram
514 1800 681 1868 Patricium,
710 1807 815 1878 cupient
838 1809 928 1876 iidem,
954 1832 1032 1884 vam
1053 1817 1186 1886 pollicitus

78 1877 169 1942 iuerat,
185 1879 286 1936 irritam
306 1885 402 1954 iacere,
419 1885 571 1954 promittens
587 1907 615 1940 se
631 1903 684 1942 tam
701 1891 730 1944 in
746 1907 853 1948 tonsura
870 1915 949 1966 qnam
965 1897 1120 1956 inentibus
1135 1903 1185 1956 usta

493 1970 656 2024 Graecorum
672 1976 780 2044 pertrui.

133 2093 261 2155 Domno
288 2094 530 2159 excellentissimo
555 2102 617 2161 filio
637 2117 805 2187 nostroque
818 2111 941 2190 spiritali
959 2115 1104 2195 compatri
1124 2113 1184 2178 Ca-

78 2187 155 2264 rolo,
174 2187 255 2269 Regi
273 2187 457 2250 Francorum
479 2203 509 2252 et
527 2191 803 2274 Langobardorum,
822 2213 909 2281 atque
929 2205 1058 2267 Patricio
1074 2207 1183 2270 Roma·

78 2301 194 2355 norum,
214 2280 360 2340 Adrianus
379 2281 470 2361 Papa.
508 2285 671 2347 Nectareos
691 2287 931 2371 suavissimosque
949 2297 1117 2374 praecelsos
1134 2314 1183 2362 re·

78 2364 159 2454 gales
180 2373 277 2452 apices
290 2385 408 2434 -vestros
428 2397 494 2437 cum
519 2377 612 2438 nimio
638 2381 736 2441 cordis
756 2383 934 2462 suscepimus
958 2405 1074 2463 amore,
1108 2393 1183 2469 quos

79 2475 261 2541 reserantes,
280 2467 519 2550 reperientesque
537 2484 664 2532 vestram
683 2473 816 2556 regalem
841 2477 1028 2556 sospitatem,
1047 2481 1132 2542 simul
1153 2493 1185 2544 et

80 2555 216 2636 spiritalis
236 2558 313 2619 filiae
332 2569 451 2620 nostrae
471 2563 597 2624 domnae
616 2565 765 2648 Reginae,
789 2579 962 2649 vestraeque
982 2571 1184 2638 nobilissimae

80 2650 168 2728 prolis
188 2651 289 2712 salutis
309 2645 552 2733 prosperitatem,
578 2679 698 2742 magnas
724 2661 924 2740 omnipotenti
942 2663 1012 2724 Deo
1031 2669 1185 2732 retulimus

80 2753 190 2822 grates,
224 2745 277 2823 qui
296 2745 387 2806 svobis
412 2767 466 2827 per
489 2749 716 2812 intercessiones
735 2753 769 2814 B.
790 2753 873 2814 Petri
893 2755 1041 2836 Apostoli,
1061 2759 1184 2825 fautoris

80 2836 180 2912 vestri,
211 2836 303 2898 nobis
327 2837 410 2900 velut
433 2842 584 2904 immeritis
609 2846 719 2928 iugiter
741 2865 797 2926 pro
816 2845 901 2910 v'obis
923 2851 1120 2932 exorantibus,
1138 2887 1178 2901 -

80 2926 281 2990 indesinenter
298 2931 436 2992 victorias
456 2934 567 3015 ubique
586 2937 701 3013 tribuit,
721 2951 751 2998 et
771 2942 868 3002 omnia
889 2943 966 3004 cirta
985 2965 1037 3007 vos
1055 2947 1181 3007 salubri-

80 3030 121 3078 ter
145 3019 294 3104 disponit,
325 3035 386 3084 tam
410 3046 520 3088 marcas
545 3049 691 3109 quamque
717 3033 855 3092 confinia.
898 3035 993 3118 Magis
1014 3037 1123 3118 quippe
1145 3039 1182 3101 de

81 3111 258 3192 subjectione
278 3117 499 3197 Bajuariorum,
524 3121 601 3181 sicut
619 3143 726 3204 nempe
746 3123 938 3204 praediximus
959 3139 989 3188 et
1009 3125 1183 3207 optavimus,

81 3204 115 3264 ita
134 3219 163 3266 et
181 3209 398 3288 praestolantes
418 3213 578 3276 audivimus
598 3215 635 3276 de
654 3227 749 3277 vestra
768 3217 917 3296 praecelsa
929 3219 1024 3299 regali
1034 3220 1066 3276 in
1077 3220 1182 3279 trium-

80 3297 285 3374 pbisvictoria.
315 3302 430 3384 Nempe
451 3307 570 3386 quidem
589 3309 754 3368 meminisse
775 3310 930 3382 credimus,
951 3307 1077 3387 qualiter
1095 3311 1180 3374 vobis

81 3409 128 3467 per
146 3394 313 3462 anteriores
333 3407 448 3456 nostras
469 3383 657 3477 Apostolicas
679 3397 823 3458 emisimus
842 3399 976 3480 syllabas,
996 3399 1033 3461 de
1061 3403 1178 3486 Capua-

81 3482 119 3542 nis
137 3487 186 3565 qui
207 3487 245 3547 ad
267 3507 322 3547 nos
336 3491 488 3550 'venerunt
506 3509 562 3570 per
580 3501 706 3552 vernum
728 3489 826 3572 regale
852 3491 1074 3556 adminiculum:
1106 3516 1179 3576 qua-

81 3582 157 3638 tenus
178 3581 247 3640 dum
269 3580 344 3662 ipsas
364 3593 478 3642 nostras
498 3582 583 3644 vobis
604 3583 794 3646 emisissemus
813 3583 937 3667 syllabas
957 3599 1026 3666 post
1044 3587 1178 3669 aliquan·
1267 3633 1270 3638 ‚

81 3677 121 3729 tos
145 3671 222 3750 dies,
257 3674 406 3753 praelatos
427 3675 584 3756 Capuanos
608 3677 639 3736 in
665 3677 862 3739 Confessionc
888 3682 1067 3758 protectoris
1089 3685 1179 3746 vestri

81 3759 111 3818 B.
128 3763 209 3825 Petri
232 3768 446 3846 Apostolorum
472 3769 616 3850 principis¹
639 3771 736 3832 iurare
764 3771 886 3831 fecimus
910 3769 942 3828 in
966 3769 1024 3833 fide
1049 3771 1179 3859 eiusdem
1226 3801 1235 3826 ⁸

80 3849 134 3914 Dei
152 3857 290 3942 Apostoli
311 3863 342 3925 e't
360 3873 461 3923 nostra
481 3873 569 3942 atque
588 3875 701 3924 vestrae
721 3854 828 3946 regalis
847 3861 1015 3926 Potentiae.
1052 3869 1092 3928 Et
1110 3881 1178 3950 post

82 3955 171 4008 actum
190 3967 412 4031 sacramentnm,
431 3977 506 4016 nnus
526 3977 559 4016 er
572 3955 642 4038 ipsis
654 3951 813 4037 Capudnis,
834 3955 997 4039 Gregorius
1008 3957 1198 4045 Presbyter,¹

82 4037 164 4100 nohis
182 4045 267 4123 petiit
286 4059 399 4109 secreta
418 4048 513 4128 loqui,
533 4069 662 4110 asserens
683 4049 749 4128 quia
762 4049 844 4112 nullo
857 4051 947 4112 modo
958 4052 1015 4111 iam
1029 4049 1178 4130 quippiam

84 4131 175 4195 celare
194 4157 323 4217 possum,
341 4139 400 4200 tale
420 4141 503 4203 vobis
522 4143 668 4222 praebens
687 4154 908 4204 sacramentum.
936 4143 977 4204 Et
996 4141 1100 4200 duma
1119 4160 1177 4233 uo-

28 4219 30 4304 l
83 4219 123 4282 bis
142 4229 319 4292 enucleatius
340 4233 499 4294 sciscitatus
519 4233 632 4310 luisset,
651 4235 752 4295 retulit
770 4237 857 4296 nobis
878 4235 978 4296 dicens
1000 4231 1083 4309 quia,
1108 4233 1177 4293 dum

86 4313 200 4383 domnus
227 4323 353 4386 Carolus
377 4345 499 4407 magnus
524 4325 586 4414 Rex
610 4325 771 4406 praeterito
797 4347 876 4389 anno
903 4323 1085 4405 aCapuana'
1102 4325 1177 4386 urbe

86 4425 207 4476 reversus
226 4410 477 4498 inbseb‘Arigbis
488 4417 631 4481 ansnns
651 4421 687 4481 ad
698 4421 922 4500 Imperatorem,
939 4419 1014 4502 Deo,
1028 4417 1083 4479 sibi
1103 4427 1177 4479 con-

847 4511 936 4592 [θ’]
