2908 5094
267 378 271 388 ι

212 446 215 460 l

262 466 283 491 ι’,
300 473 305 476 .

279 492 285 502 η

59 565 230 645 gravemini
249 568 412 649 explanare.
453 521 558 626 Valeas
579 566 737 628 clarissime
756 583 976 660 praeceptor
956 582 986 633 et
997 571 1087 634 Pater
1106 574 1171 673 dnl-

58 659 179 720 cissime
198 653 404 744 prosperisque
425 671 570 740 perpetuo
591 661 767 722 successibus
788 662 911 742 polleas.

517 895 717 908 m·

188 1281 381 1344 nmmum
404 1155 707 1346 aen-miffar
728 1269 985 1391 masnadam
998 1294 1040 1364 ¹),

117 1422 211 1484 Vivat
221 1422 365 1508 Dominus
377 1441 458 1482 meus
471 1411 614 1500 piissimus
625 1410 774 1506 Augustus
793 1425 824 1484 in
844 1435 1038 1507 perpetuum.-
1059 1425 1163 1500 Quan-

55 1530 117 1577 tam
151 1537 250 1576 curam
280 1526 310 1575 et
339 1515 568 1576 sollicitudinem
588 1535 659 1599 erga
686 1518 921 1600 Magnitudinem
945 1530 1071 1579 vestram
1097 1539 1162 1578 mea

55 1608 205 1671 Pusillitas
224 1621 324 1692 gerat,
343 1629 406 1675 non
426 1609 512 1669 facile
531 1607 629 1670 verbis
648 1611 794 1692 explicare
813 1611 909 1673 valeo.
942 1611 1093 1688 Quoniam
1113 1629 1162 1670 ae-

56 1724 112 1782 que
132 1723 189 1764 vos
209 1715 297 1784 atque
306 1757 309 1764 .
317 1702 475 1783 piissimum
485 1703 648 1764 Dominum
659 1727 756 1765 meum
767 1705 886 1767 Patrem
897 1717 1026 1768 vestrum
1045 1723 1163 1784 semper
1210 1724 1214 1733 “

55 1796 163 1872 dilexi,
190 1808 221 1856 et
245 1795 409 1876 aequaliter
432 1795 534 1856 ambos
552 1797 648 1860 salvos
669 1819 732 1858 esse
756 1799 854 1876 volui,
879 1809 1034 1880 postquam
1057 1817 1110 1860 vos
1130 1797 1161 1856 in

56 1889 239 1952 Societatem
258 1889 385 1950 nominis
405 1899 436 1950 ct
452 1890 551 1972 Regni
571 1911 729 1952 consensus
748 1893 839 1954 totius
858 1892 962 1973 populi
980 1891 1025 1952 sui
1045 1889 1161 1950 adsum-

56 1984 129 2063 psit,
154 2003 312 2062 meaeque
324 1982 465 2042 Parvitati
488 1981 654 2061 praecepit,
673 1995 706 2042 ut
723 1985 813 2046 vestri
833 2007 932 2046 curam
951 2003 1102 2068 gererem,
1126 2001 1162 2042 ac
1222 2001 1224 2008 ’

55 2098 104 2138 vos
127 2078 167 2136 de
188 2075 320 2136 moribus
340 2073 540 2156 corrigendis,
570 2086 600 2134 et
619 2075 749 2138 honestis
769 2089 857 2158 atque
876 2077 995 2139 utilibus
1015 2073 1161 2138 sectandis
1199 2133 1207 2140 .

55 2170 159 2231 sedulo
182 2187 411 2230 commonerem.
443 2165 505 2230 Sed
525 2161 594 2226 licet
612 2168 643 2226 in
665 2169 707 2231 bis
726 2191 820 2258 meam
834 2193 954 2252 operam
965 2171 1060 2230 minus
1074 2187 1160 2249 quam

56 2263 162 2324 debuit
180 2261 282 2322 utilem
296 2259 386 2322 'vobis
406 2259 467 2321 sitis
489 2259 617 2339 experti,
640 2271 739 2320 tamen
757 2263 893 2324 voluntas
913 2263 1006 2323 fidelis
1024 2283 1087 2321 non
1107 2261 1160 2322 de-

54 2356 127 2429 luit,
158 2375 217 2415 nec
246 2354 339 2416 adbuc
364 2353 483 2433 quidem
511 2353 593 2412 deest
618 2365 703 2432 quae'
720 2374 768 2414 me
791 2364 890 2414 tacere
913 2375 976 2414 non
1001 2353 1160 2432 permittat.

55 2449 143 2524 Quin
163 2447 261 2527 potius
280 2446 365 2528 cogit
379 2458 414 2504 ut
431 2467 484 2508 vos
504 2446 541 2508 dc
560 2457 656 2510 vestra
676 2459 849 2528 cognoscat,
868 2446 949 2526 quod
969 2444 1087 2526 quidem
1102 2443 1159 2505 bo-

55 2543 149 2602 mines
170 2561 222 2602 sua
241 2539 339 2622 potius
364 2554 450 2618 quam
473 2549 569 2600 vestra
594 2539 749 2600 commoda
773 2550 963 2620 quaerentes,
991 2547 1159 2601 mansuem-

57 2627 155 2695 dinem
174 2643 300 2696 vestrnm
318 2630 493 2707 sollicitent,
515 2631 658 2712 vobisque
669 2633 846 2712 persuadere
858 2642 1013 2707 conentur,
1032 2640 1159 2711 utpost-

58 2729 154 2806 posito
176 2737 302 2808 paterno
322 2725 457 2800 consilio,
478 2733 508 2786 et
527 2723 698 2788 obedientia
718 2725 818 2788 debita
837 2725 976 2788 derelicta
994 2724 1094 2787 locum
1103 2744 1158 2786 vo-

58 2819 100 2881 bis
120 2821 159 2882 ad
177 2819 339 2902 regendum
358 2829 446 2897 atque
466 2818 692 2881 custodiendum
711 2839 728 2877 a
747 2817 878 2898 piissimo
897 2818 1035 2902 genitore
1058 2827 1157 2881 vestro
1222 2807 1225 2816 ¹

59 2915 242 2975 commissum
262 2910 429 2984 dimittatis,
449 2921 479 2969 et
498 2911 535 2970 ad
554 2910 637 2972 illum
655 2911 721 2990 ipso
740 2912 851 2989 invito,
871 2924 902 2974 et
920 2933 1018 2994 neque
1036 2912 1158 2974 volente

59 3027 151 3088 neque
170 3006 293 3068 iubente
312 3002 450 3078 veniatis,
476 3013 507 3062 et
525 3003 604 3082 apud
623 3024 705 3079 eum,
738 3008 867 3082 quamvis
887 3006 1012 3066 illinon
1031 3004 1157 3083 placeat,

59 3099 259 3178 permaneatis.
311 3095 382 3170 Quo
413 3095 485 3173 quid
516 3096 680 3176 perversius
711 3095 759 3158 vel
788 3097 972 3158 indecentius
998 3095 1159 3176 excogitari
1211 3151 1214 3166 ,

59 3193 172 3270 potest?
204 3192 313 3254 Videte
332 3189 424 3269 qualis
442 3189 490 3265 sit,
509 3200 540 3249 et
559 3199 700 3268 quantiam
718 3189 789 3250 mali
808 3189 915 3252 babeat
928 3189 982 3250 ista
996 3185 1156 3270 persuasio.

60 3284 214 3366 Inprimis
233 3282 390 3361 siquidem,
419 3293 453 3342 ut
470 3303 553 3344 meae
573 3281 730 3342 Pusillitati
749 3283 886 3355 videtur,
898 3281 1034 3340 bortatur
1051 3297 1105 3338 vos
1124 3289 1158 3338 ut
1177 3339 1178 3350 ,

60 3375 113 3438 llei
130 3387 340 3460 praeceptum,
369 3393 429 3453 quo
454 3376 626 3453 parentibus
645 3376 746 3434 bonor
764 3371 894 3433 exbiberi
913 3369 1047 3446 iubetur,
1075 3369 1158 3450 parvi

61 3473 206 3547 pendatis,
232 3481 265 3532 et
286 3466 532 3548 longaevitatem,
557 3487 631 3544 quac
656 3485 712 3546 pro
732 3464 971 3535 remuneratione
992 3463 1157 3526 conservati

64 3563 189 3626 mandati
208 3561 400 3644 promittitur,
419 3569 475 3638 pro
494 3557 589 3618 nihilo
609 3559 749 3622 habeatis.
778 3557 896 3620 Deinde
916 3567 949 3618 ct
957 3555 1070 3618 abiecta
1082 3549 1157 3618 ohess
1261 3594 1263 3604 ·
1317 3559 1322 3586 l

61 3655 164 3718 dientia
185 3654 417 3718 inobedientiam
437 3673 492 3732 pro
512 3651 562 3712 illa
582 3653 747 3730 adsumatis,
767 3665 798 3714 et
816 3663 920 3714 contra
933 3671 1010 3724 cum,
1028 3649 1082 3710 sub
1097 3669 1156 3730 quo
1208 3649 1214 3656 ”

59 3749 269 3812 subiectionem
289 3747 438 3808 humiliter
457 3767 510 3811 vos
530 3767 618 3830 agere
639 3747 817 3821 debueratis,
836 3756 891 3824 per
911 3743 1070 3806 clationem
1082 3764 1156 3810 con·

62 3844 210 3905 tumaciter
228 3841 357 3923 erigatis.
401 3841 497 3916 Tum,
526 3852 560 3900 nt
585 3861 640 3920 per
664 3851 845 3902 contemtum
871 3847 901 3898 et
922 3834 1156 3899 inobedientiam

62 3935 175 3998 caritate
196 3936 326 4017 depulsa,
346 3933 500 4010 discordia,
520 3951 595 4012 qnae
614 3953 764 4012 nunquam
776 3931 861 3998 ¹iuter
879 3951 931 3996 vos
950 3927 1157 4002 velnominari
1202 3971 1206 3981 .

63 4023 174 4108 debuit,
203 4030 234 4090 in
257 4039 371 4090 tanmm
401 4037 564 4102 excrescat,
591 4037 625 4086 nt
648 4025 739 4095 inter,
752 4046 825 4104 quos
850 4019 1158 4096 amon-[essedebuia

64 4118 157 4182 odium
181 4133 341 4184 enascatur.
388 4119 480 4194 Quod
505 4140 543 4180 ne
567 4119 686 4193 veniat,
707 4139 893 4198 summopere
918 4115 1079 4188 cavendum
1100 4122 1157 4172 est

65 4207 158 4276 Credo
168 4216 263 4280 ¹,cuim
281 4213 467 4294 prudentiam
488 4223 611 4276 vestram
622 4211 751 4282 minima
776 4213 883 4286 latere,
911 4217 1019 4287 quanta
1044 4203 1158 4266 abomi-

67 4341 256 4366 *un-...-

105 4413 327 4474 ominum,
350 4413 627 4482 Μὼιίἱίιισίωμ,
647 4429 672 4472 p.
686 4419 779 4480 susq..
