<?xml version="1.0" encoding="UTF-8"?>
<!DOCTYPE html PUBLIC "-//W3C//DTD XHTML 1.0 Transitional//EN"
    "http://www.w3.org/TR/xhtml1/DTD/xhtml1-transitional.dtd">
<html xmlns="http://www.w3.org/1999/xhtml" xml:lang="en" lang="en">
 <head>
  <title>
</title>
<meta http-equiv="Content-Type" content="text/html;charset=utf-8" />
  <meta name='ocr-system' content='tesseract 3.04.00' />
  <meta name='ocr-capabilities' content='ocr_page ocr_carea ocr_par ocr_line ocrx_word'/>
</head>
<body>
  <div class='ocr_page' id='page_1' title='image "./lebenundwandelk00egingoog_0025.png"; bbox 0 0 2960 5094; ppageno 0'>
   <div class='ocr_carea' id='block_1_1' title="bbox 26 571 1284 4494">
    <p class='ocr_par' dir='ltr' id='par_1_1' title="bbox 107 571 1211 1422">
     <span class='ocr_line' id='line_1_1' title="bbox 107 571 1206 674; baseline 0.003 -20"><span class='ocrx_word' id='word_1_1' title='bbox 107 576 394 665; x_wconf 64' lang='lat' dir='ltr'><strong>tuscana-sets</strong></span> <span class='ocrx_word' id='word_1_2' title='bbox 416 611 482 652; x_wconf 74' lang='lat' dir='ltr'><strong>eum</strong></span> <span class='ocrx_word' id='word_1_3' title='bbox 507 591 573 670; x_wconf 70' lang='lat' dir='ltr'><strong>apso</strong></span> <span class='ocrx_word' id='word_1_4' title='bbox 599 589 747 673; x_wconf 73' lang='lat' dir='ltr'><strong>clavigero</strong></span> <span class='ocrx_word' id='word_1_5' title='bbox 773 591 860 674; x_wconf 67' lang='lat' dir='ltr'><strong>regns</strong></span> <span class='ocrx_word' id='word_1_6' title='bbox 884 571 1206 658; x_wconf 60' lang='lat' dir='ltr'><strong>connumerans</strong></span> 
     </span>
     <span class='ocr_line' id='line_1_2' title="bbox 108 684 1207 768; baseline 0.003 -20"><span class='ocrx_word' id='word_1_7' title='bbox 108 685 268 766; x_wconf 76' lang='lat' dir='ltr'><strong>Apostolos</strong></span> <span class='ocrx_word' id='word_1_8' title='bbox 288 686 357 766; x_wconf 90' lang='lat' dir='ltr'><strong>quia</strong></span> <span class='ocrx_word' id='word_1_9' title='bbox 374 684 448 746; x_wconf 82' lang='lat' dir='ltr'><strong>milri</strong></span> <span class='ocrx_word' id='word_1_10' title='bbox 466 685 499 744; x_wconf 93' lang='lat' dir='ltr'><strong>in</strong></span> <span class='ocrx_word' id='word_1_11' title='bbox 517 685 696 746; x_wconf 79' lang='lat' dir='ltr'><strong>boemundo</strong></span> <span class='ocrx_word' id='word_1_12' title='bbox 715 684 791 746; x_wconf 86' lang='lat' dir='ltr'><strong>nihil</strong></span> <span class='ocrx_word' id='word_1_13' title='bbox 803 685 960 766; x_wconf 72' lang='lat' dir='ltr'><strong>pretiosius</strong></span> <span class='ocrx_word' id='word_1_14' title='bbox 979 698 1023 748; x_wconf 89' lang='lat' dir='ltr'><strong>cst</strong></span> <span class='ocrx_word' id='word_1_15' title='bbox 1041 708 1128 768; x_wconf 87' lang='lat' dir='ltr'><strong>quam</strong></span> <span class='ocrx_word' id='word_1_16' title='bbox 1143 691 1207 750; x_wconf 88' lang='lat' dir='ltr'><strong>ani-</strong></span> 
     </span>
     <span class='ocr_line' id='line_1_3' title="bbox 108 777 1209 865; baseline 0.005 -25"><span class='ocrx_word' id='word_1_17' title='bbox 108 800 173 840; x_wconf 90' lang='lat' dir='ltr'><strong>mae</strong></span> <span class='ocrx_word' id='word_1_18' title='bbox 192 791 306 842; x_wconf 89' lang='lat' dir='ltr'><strong>vestrae</strong></span> <span class='ocrx_word' id='word_1_19' title='bbox 326 778 411 840; x_wconf 86' lang='lat' dir='ltr'><strong>salus.</strong></span> <span class='ocrx_word' id='word_1_20' title='bbox 450 778 512 838; x_wconf 88' lang='lat' dir='ltr'><strong>Sed</strong></span> <span class='ocrx_word' id='word_1_21' title='bbox 530 777 600 858; x_wconf 89' lang='lat' dir='ltr'><strong>quia</strong></span> <span class='ocrx_word' id='word_1_22' title='bbox 619 778 726 854; x_wconf 82' lang='lat' dir='ltr'><strong>omnia,</strong></span> <span class='ocrx_word' id='word_1_23' title='bbox 745 799 821 860; x_wconf 88' lang='lat' dir='ltr'><strong>quae</strong></span> <span class='ocrx_word' id='word_1_24' title='bbox 841 779 878 840; x_wconf 88' lang='lat' dir='ltr'><strong>de</strong></span> <span class='ocrx_word' id='word_1_25' title='bbox 897 791 993 842; x_wconf 82' lang='lat' dir='ltr'><strong>vestra</strong></span> <span class='ocrx_word' id='word_1_26' title='bbox 1011 783 1209 865; x_wconf 69' lang='lat' dir='ltr'><strong>prosperitate</strong></span> 
     </span>
     <span class='ocr_line' id='line_1_4' title="bbox 107 871 1210 958; baseline 0.003 -24"><span class='ocrx_word' id='word_1_27' title='bbox 107 885 196 953; x_wconf 87' lang='lat' dir='ltr'><strong>atque</strong></span> <span class='ocrx_word' id='word_1_28' title='bbox 231 872 409 934; x_wconf 74' lang='lat' dir='ltr'><strong>exaltatione</strong></span> <span class='ocrx_word' id='word_1_29' title='bbox 437 872 470 932; x_wconf 88' lang='lat' dir='ltr'><strong>in</strong></span> <span class='ocrx_word' id='word_1_30' title='bbox 506 871 596 932; x_wconf 90' lang='lat' dir='ltr'><strong>corde</strong></span> <span class='ocrx_word' id='word_1_31' title='bbox 627 880 730 932; x_wconf 87' lang='lat' dir='ltr'><strong>nostro</strong></span> <span class='ocrx_word' id='word_1_32' title='bbox 765 871 909 956; x_wconf 87' lang='lat' dir='ltr'><strong>gerimus,</strong></span> <span class='ocrx_word' id='word_1_33' title='bbox 950 886 981 935; x_wconf 89' lang='lat' dir='ltr'><strong>et</strong></span> <span class='ocrx_word' id='word_1_34' title='bbox 1009 895 1066 955; x_wconf 91' lang='lat' dir='ltr'><strong>per</strong></span> <span class='ocrx_word' id='word_1_35' title='bbox 1094 877 1210 958; x_wconf 84' lang='lat' dir='ltr'><strong>singula</strong></span> 
     </span>
     <span class='ocr_line' id='line_1_5' title="bbox 107 963 1211 1045; baseline 0.005 -17"><span class='ocrx_word' id='word_1_36' title='bbox 107 987 226 1028; x_wconf 81' lang='lat' dir='ltr'><strong>exarare</strong></span> <span class='ocrx_word' id='word_1_37' title='bbox 245 988 309 1030; x_wconf 92' lang='lat' dir='ltr'><strong>non</strong></span> <span class='ocrx_word' id='word_1_38' title='bbox 328 967 471 1041; x_wconf 85' lang='lat' dir='ltr'><strong>valemus,</strong></span> <span class='ocrx_word' id='word_1_39' title='bbox 490 965 531 1026; x_wconf 91' lang='lat' dir='ltr'><strong>sic</strong></span> <span class='ocrx_word' id='word_1_40' title='bbox 549 963 638 1024; x_wconf 90' lang='lat' dir='ltr'><strong>nobis</strong></span> <span class='ocrx_word' id='word_1_41' title='bbox 657 964 845 1044; x_wconf 88' lang='lat' dir='ltr'><strong>omnipotens</strong></span> <span class='ocrx_word' id='word_1_42' title='bbox 861 968 943 1030; x_wconf 89' lang='lat' dir='ltr'><strong>Deus</strong></span> <span class='ocrx_word' id='word_1_43' title='bbox 961 969 1117 1045; x_wconf 86' lang='lat' dir='ltr'><strong>retribuat,</strong></span> <span class='ocrx_word' id='word_1_44' title='bbox 1135 971 1211 1034; x_wconf 86' lang='lat' dir='ltr'><strong>sicut</strong></span> 
     </span>
     <span class='ocr_line' id='line_1_6' title="bbox 108 1059 1210 1140; baseline 0.006 -19"><span class='ocrx_word' id='word_1_45' title='bbox 108 1060 145 1122; x_wconf 92' lang='lat' dir='ltr'><strong>de</strong></span> <span class='ocrx_word' id='word_1_46' title='bbox 164 1073 262 1124; x_wconf 87' lang='lat' dir='ltr'><strong>vestro</strong></span> <span class='ocrx_word' id='word_1_47' title='bbox 282 1061 399 1122; x_wconf 88' lang='lat' dir='ltr'><strong>honore</strong></span> <span class='ocrx_word' id='word_1_48' title='bbox 419 1070 449 1122; x_wconf 92' lang='lat' dir='ltr'><strong>et</strong></span> <span class='ocrx_word' id='word_1_49' title='bbox 467 1059 608 1138; x_wconf 88' lang='lat' dir='ltr'><strong>sospitate</strong></span> <span class='ocrx_word' id='word_1_50' title='bbox 623 1059 764 1140; x_wconf 90' lang='lat' dir='ltr'><strong>cupimus.</strong></span> <span class='ocrx_word' id='word_1_51' title='bbox 801 1062 1012 1124; x_wconf 72' lang='lat' dir='ltr'><strong>Verumtamen</strong></span> <span class='ocrx_word' id='word_1_52' title='bbox 1030 1071 1097 1126; x_wconf 86' lang='lat' dir='ltr'><strong>enm</strong></span> <span class='ocrx_word' id='word_1_53' title='bbox 1115 1066 1210 1128; x_wconf 87' lang='lat' dir='ltr'><strong>multo</strong></span> 
     </span>
     <span class='ocr_line' id='line_1_7' title="bbox 107 1152 1210 1236; baseline 0.005 -20"><span class='ocrx_word' id='word_1_54' title='bbox 107 1175 211 1216; x_wconf 91' lang='lat' dir='ltr'><strong>amore</strong></span> <span class='ocrx_word' id='word_1_55' title='bbox 229 1154 380 1234; x_wconf 83' lang='lat' dir='ltr'><strong>multaque</strong></span> <span class='ocrx_word' id='word_1_56' title='bbox 399 1155 456 1214; x_wconf 88' lang='lat' dir='ltr'><strong>lide</strong></span> <span class='ocrx_word' id='word_1_57' title='bbox 476 1173 547 1236; x_wconf 91' lang='lat' dir='ltr'><strong>erga</strong></span> <span class='ocrx_word' id='word_1_58' title='bbox 565 1173 619 1216; x_wconf 90' lang='lat' dir='ltr'><strong>vos</strong></span> <span class='ocrx_word' id='word_1_59' title='bbox 638 1152 1001 1234; x_wconf 86' lang='lat' dir='ltr'><strong>constringamur,&#39;taeere</strong></span> <span class='ocrx_word' id='word_1_60' title='bbox 1014 1156 1099 1220; x_wconf 89' lang='lat' dir='ltr'><strong>nullo</strong></span> <span class='ocrx_word' id='word_1_61' title='bbox 1117 1159 1210 1222; x_wconf 90' lang='lat' dir='ltr'><strong>modo</strong></span> 
     </span>
     <span class='ocr_line' id='line_1_8' title="bbox 107 1245 1210 1331; baseline 0.004 -23"><span class='ocrx_word' id='word_1_62' title='bbox 107 1268 274 1327; x_wconf 89' lang='lat' dir='ltr'><strong>possumus,</strong></span> <span class='ocrx_word' id='word_1_63' title='bbox 292 1259 325 1307; x_wconf 89' lang='lat' dir='ltr'><strong>ut</strong></span> <span class='ocrx_word' id='word_1_64' title='bbox 343 1246 460 1328; x_wconf 85' lang='lat' dir='ltr'><strong>vosipsi</strong></span> <span class='ocrx_word' id='word_1_65' title='bbox 479 1267 536 1326; x_wconf 95' lang='lat' dir='ltr'><strong>pro</strong></span> <span class='ocrx_word' id='word_1_66' title='bbox 556 1247 653 1306; x_wconf 90' lang='lat' dir='ltr'><strong>anima</strong></span> <span class='ocrx_word' id='word_1_67' title='bbox 662 1257 759 1307; x_wconf 88' lang='lat' dir='ltr'><strong>vestra</strong></span> <span class='ocrx_word' id='word_1_68' title='bbox 778 1245 914 1328; x_wconf 83' lang='lat' dir='ltr'><strong>vigiletis,</strong></span> <span class='ocrx_word' id='word_1_69' title='bbox 933 1250 1057 1311; x_wconf 90' lang='lat' dir='ltr'><strong>scientes</strong></span> <span class='ocrx_word' id='word_1_70' title='bbox 1076 1252 1210 1331; x_wconf 86' lang='lat' dir='ltr'><strong>quiaista</strong></span> 
     </span>
     <span class='ocr_line' id='line_1_9' title="bbox 107 1331 1211 1422; baseline 0.004 -22"><span class='ocrx_word' id='word_1_71' title='bbox 107 1342 215 1402; x_wconf 89' lang='lat' dir='ltr'><strong>misera</strong></span> <span class='ocrx_word' id='word_1_72' title='bbox 236 1353 266 1401; x_wconf 90' lang='lat' dir='ltr'><strong>et</strong></span> <span class='ocrx_word' id='word_1_73' title='bbox 284 1341 392 1402; x_wconf 91' lang='lat' dir='ltr'><strong>caduca</strong></span> <span class='ocrx_word' id='word_1_74' title='bbox 410 1339 470 1400; x_wconf 84' lang='lat' dir='ltr'><strong>vita</strong></span> <span class='ocrx_word' id='word_1_75' title='bbox 489 1339 520 1396; x_wconf 90' lang='lat' dir='ltr'><strong>in</strong></span> <span class='ocrx_word' id='word_1_76' title='bbox 539 1337 688 1398; x_wconf 83' lang='lat' dir='ltr'><strong>modicum</strong></span> <span class='ocrx_word' id='word_1_77' title='bbox 708 1337 933 1412; x_wconf 86' lang='lat' dir='ltr'><strong>exterminatur,</strong></span> <span class='ocrx_word' id='word_1_78' title='bbox 948 1353 985 1400; x_wconf 81' lang='lat' dir='ltr'><strong>et</strong></span> <span class='ocrx_word' id='word_1_79' title='bbox 1002 1341 1094 1404; x_wconf 84' lang='lat' dir='ltr'><strong>finem</strong></span> <span class='ocrx_word' id='word_1_80' title='bbox 1104 1331 1211 1422; x_wconf 82' lang='lat' dir='ltr'><strong>¹habet,</strong></span> 
     </span>
    </p>

    <p class='ocr_par' dir='ltr' id='par_1_2' title="bbox 110 1424 1240 1512">
     <span class='ocr_line' id='line_1_10' title="bbox 110 1424 1240 1512; baseline -0.002 -14"><span class='ocrx_word' id='word_1_81' title='bbox 110 1450 142 1498; x_wconf 89' lang='lat' dir='ltr'><strong>et</strong></span> <span class='ocrx_word' id='word_1_82' title='bbox 162 1456 262 1503; x_wconf 83' lang='lat' dir='ltr'><strong>onmes</strong></span> <span class='ocrx_word' id='word_1_83' title='bbox 280 1434 425 1494; x_wconf 88' lang='lat' dir='ltr'><strong>rationem</strong></span> <span class='ocrx_word' id='word_1_84' title='bbox 446 1431 591 1492; x_wconf 89' lang='lat' dir='ltr'><strong>reddituri</strong></span> <span class='ocrx_word' id='word_1_85' title='bbox 609 1431 668 1490; x_wconf 89' lang='lat' dir='ltr'><strong>sint</strong></span> <span class='ocrx_word' id='word_1_86' title='bbox 685 1424 818 1490; x_wconf 88' lang='lat' dir='ltr'><strong>Domino</strong></span> <span class='ocrx_word' id='word_1_87' title='bbox 839 1431 876 1491; x_wconf 91' lang='lat' dir='ltr'><strong>de</strong></span> <span class='ocrx_word' id='word_1_88' title='bbox 894 1433 1078 1512; x_wconf 91' lang='lat' dir='ltr'><strong>vaniloquiis.</strong></span> <span class='ocrx_word' id='word_1_89' title='bbox 1235 1428 1240 1442; x_wconf 77' lang='lat'><em>&#39;</em></span> 
     </span>
    </p>

    <p class='ocr_par' dir='ltr' id='par_1_3' title="bbox 26 1515 1284 3658">
     <span class='ocr_line' id='line_1_11' title="bbox 164 1515 1213 1610; baseline 0.006 -22"><span class='ocrx_word' id='word_1_90' title='bbox 164 1528 261 1610; x_wconf 83' lang='lat' dir='ltr'><strong>Igitur</strong></span> <span class='ocrx_word' id='word_1_91' title='bbox 275 1526 445 1587; x_wconf 89' lang='lat' dir='ltr'><strong>hominibus</strong></span> <span class='ocrx_word' id='word_1_92' title='bbox 465 1546 528 1585; x_wconf 90' lang='lat' dir='ltr'><strong>non</strong></span> <span class='ocrx_word' id='word_1_93' title='bbox 547 1525 631 1586; x_wconf 89' lang='lat' dir='ltr'><strong>citius</strong></span> <span class='ocrx_word' id='word_1_94' title='bbox 652 1524 777 1584; x_wconf 87' lang='lat' dir='ltr'><strong>credatis</strong></span> <span class='ocrx_word' id='word_1_95' title='bbox 797 1535 865 1584; x_wconf 86' lang='lat' dir='ltr'><strong>ante</strong></span> <span class='ocrx_word' id='word_1_96' title='bbox 881 1515 1119 1589; x_wconf 82' lang='lat' dir='ltr'><strong>satisfactionem.</strong></span> <span class='ocrx_word' id='word_1_97' title='bbox 1151 1531 1213 1594; x_wconf 88' lang='lat' dir='ltr'><strong>Sed</strong></span> 
     </span>
     <span class='ocr_line' id='line_1_12' title="bbox 108 1616 1275 1700; baseline 0.002 -16"><span class='ocrx_word' id='word_1_98' title='bbox 108 1621 254 1684; x_wconf 87' lang='lat' dir='ltr'><strong>tamensi</strong></span> <span class='ocrx_word' id='word_1_99' title='bbox 274 1641 325 1682; x_wconf 90' lang='lat' dir='ltr'><strong>eos</strong></span> <span class='ocrx_word' id='word_1_100' title='bbox 344 1619 423 1680; x_wconf 90' lang='lat' dir='ltr'><strong>bene</strong></span> <span class='ocrx_word' id='word_1_101' title='bbox 442 1617 638 1698; x_wconf 77' lang='lat' dir='ltr'><strong>suscepimus,</strong></span> <span class='ocrx_word' id='word_1_102' title='bbox 663 1627 694 1678; x_wconf 88' lang='lat' dir='ltr'><strong>ct</strong></span> <span class='ocrx_word' id='word_1_103' title='bbox 712 1617 790 1678; x_wconf 87' lang='lat' dir='ltr'><strong>hene</strong></span> <span class='ocrx_word' id='word_1_104' title='bbox 810 1616 1019 1678; x_wconf 82' lang='lat' dir='ltr'><strong>honoravimus</strong></span> <span class='ocrx_word' id='word_1_105' title='bbox 1039 1639 1096 1700; x_wconf 92' lang='lat' dir='ltr'><strong>pro</strong></span> <span class='ocrx_word' id='word_1_106' title='bbox 1115 1635 1212 1690; x_wconf 84' lang='lat' dir='ltr'><strong>vestre</strong></span> <span class='ocrx_word' id='word_1_107' title='bbox 1273 1655 1275 1664; x_wconf 74' lang='lat'>=</span> 
     </span>
     <span class='ocr_line' id='line_1_13' title="bbox 109 1709 1213 1790; baseline 0.002 -13"><span class='ocrx_word' id='word_1_108' title='bbox 109 1736 228 1790; x_wconf 89' lang='lat' dir='ltr'><strong>amore,</strong></span> <span class='ocrx_word' id='word_1_109' title='bbox 245 1715 328 1774; x_wconf 90' lang='lat' dir='ltr'><strong>Deus</strong></span> <span class='ocrx_word' id='word_1_110' title='bbox 348 1713 435 1774; x_wconf 89' lang='lat' dir='ltr'><strong>nobis</strong></span> <span class='ocrx_word' id='word_1_111' title='bbox 454 1712 600 1774; x_wconf 84' lang='lat' dir='ltr'><strong>retribuat</strong></span> <span class='ocrx_word' id='word_1_112' title='bbox 618 1709 710 1788; x_wconf 86' lang='lat' dir='ltr'><strong>bona,</strong></span> <span class='ocrx_word' id='word_1_113' title='bbox 729 1721 761 1772; x_wconf 88' lang='lat' dir='ltr'><strong>et</strong></span> <span class='ocrx_word' id='word_1_114' title='bbox 779 1728 831 1772; x_wconf 88' lang='lat' dir='ltr'><strong>vos</strong></span> <span class='ocrx_word' id='word_1_115' title='bbox 850 1709 1022 1788; x_wconf 72' lang='lat' dir='ltr'><strong>satisfaciat,</strong></span> <span class='ocrx_word' id='word_1_116' title='bbox 1041 1725 1075 1774; x_wconf 92' lang='lat' dir='ltr'><strong>ut</strong></span> <span class='ocrx_word' id='word_1_117' title='bbox 1093 1715 1125 1774; x_wconf 90' lang='lat' dir='ltr'><strong>in</strong></span> <span class='ocrx_word' id='word_1_118' title='bbox 1145 1738 1213 1778; x_wconf 93' lang='lat' dir='ltr'><strong>cau-</strong></span> 
     </span>
     <span class='ocr_line' id='line_1_14' title="bbox 109 1802 1227 1886; baseline -0.001 -15"><span class='ocrx_word' id='word_1_119' title='bbox 109 1811 147 1872; x_wconf 87' lang='lat' dir='ltr'><strong>sis</strong></span> <span class='ocrx_word' id='word_1_120' title='bbox 168 1811 203 1870; x_wconf 86' lang='lat' dir='ltr'><strong>B.</strong></span> <span class='ocrx_word' id='word_1_121' title='bbox 224 1808 307 1868; x_wconf 87' lang='lat' dir='ltr'><strong>Petri</strong></span> <span class='ocrx_word' id='word_1_122' title='bbox 324 1805 465 1886; x_wconf 82' lang='lat' dir='ltr'><strong>Apostoli</strong></span> <span class='ocrx_word' id='word_1_123' title='bbox 490 1804 615 1885; x_wconf 88' lang='lat' dir='ltr'><strong>amplius</strong></span> <span class='ocrx_word' id='word_1_124' title='bbox 643 1815 674 1864; x_wconf 93' lang='lat' dir='ltr'><strong>et</strong></span> <span class='ocrx_word' id='word_1_125' title='bbox 698 1802 821 1884; x_wconf 89' lang='lat' dir='ltr'><strong>amplius</strong></span> <span class='ocrx_word' id='word_1_126' title='bbox 841 1802 1005 1865; x_wconf 87' lang='lat' dir='ltr'><strong>decertetis.</strong></span> <span class='ocrx_word' id='word_1_127' title='bbox 1047 1807 1089 1868; x_wconf 87' lang='lat' dir='ltr'><strong>Et</strong></span> <span class='ocrx_word' id='word_1_128' title='bbox 1107 1808 1133 1870; x_wconf 88' lang='lat' dir='ltr'><strong>si</strong></span> <span class='ocrx_word' id='word_1_129' title='bbox 1151 1831 1227 1876; x_wconf 77' lang='lat' dir='ltr'><strong>non</strong></span> 
     </span>
     <span class='ocr_line' id='line_1_15' title="bbox 107 1895 1216 1982; baseline -0.003 -16"><span class='ocrx_word' id='word_1_130' title='bbox 107 1903 194 1966; x_wconf 85' lang='lat' dir='ltr'><strong>vobis</strong></span> <span class='ocrx_word' id='word_1_131' title='bbox 223 1900 442 1975; x_wconf 84' lang='lat' dir='ltr'><strong>nuntiaverint,</strong></span> <span class='ocrx_word' id='word_1_132' title='bbox 471 1897 624 1979; x_wconf 89' lang='lat' dir='ltr'><strong>quomodo</strong></span> <span class='ocrx_word' id='word_1_133' title='bbox 655 1915 706 1958; x_wconf 88' lang='lat' dir='ltr'><strong>eos</strong></span> <span class='ocrx_word' id='word_1_134' title='bbox 729 1895 895 1958; x_wconf 87' lang='lat' dir='ltr'><strong>honorilice</strong></span> <span class='ocrx_word' id='word_1_135' title='bbox 919 1899 1123 1979; x_wconf 85' lang='lat' dir='ltr'><strong>suscepimus,-</strong></span> <span class='ocrx_word' id='word_1_136' title='bbox 1144 1903 1216 1982; x_wconf 86' lang='lat' dir='ltr'><strong>qnid</strong></span> 
     </span>
     <span class='ocr_line' id='line_1_16' title="bbox 107 1987 1216 2076; baseline 0.002 -21"><span class='ocrx_word' id='word_1_137' title='bbox 107 1997 190 2056; x_wconf 84' lang='lat' dir='ltr'><strong>aliud</strong></span> <span class='ocrx_word' id='word_1_138' title='bbox 210 1995 338 2054; x_wconf 86' lang='lat' dir='ltr'><strong>dicamus</strong></span> <span class='ocrx_word' id='word_1_139' title='bbox 357 1991 414 2052; x_wconf 89' lang='lat' dir='ltr'><strong>nisi</strong></span> <span class='ocrx_word' id='word_1_140' title='bbox 432 2003 466 2052; x_wconf 90' lang='lat' dir='ltr'><strong>ut</strong></span> <span class='ocrx_word' id='word_1_141' title='bbox 477 1993 559 2052; x_wconf 86' lang='lat' dir='ltr'><strong>Deus</strong></span> <span class='ocrx_word' id='word_1_142' title='bbox 578 1989 635 2048; x_wconf 90' lang='lat' dir='ltr'><strong>illis</strong></span> <span class='ocrx_word' id='word_1_143' title='bbox 654 1987 827 2070; x_wconf 76' lang='lat' dir='ltr'><strong>indulgeat?</strong></span> <span class='ocrx_word' id='word_1_144' title='bbox 846 1991 1058 2052; x_wconf 83' lang='lat' dir='ltr'><strong>Verumtamen</strong></span> <span class='ocrx_word' id='word_1_145' title='bbox 1077 1995 1101 2054; x_wconf 93' lang='lat' dir='ltr'><strong>si</strong></span> <span class='ocrx_word' id='word_1_146' title='bbox 1120 2015 1216 2076; x_wconf 89' lang='lat' dir='ltr'><strong>prope</strong></span> 
     </span>
     <span class='ocr_line' id='line_1_17' title="bbox 106 2081 1216 2162; baseline -0.002 -12"><span class='ocrx_word' id='word_1_147' title='bbox 106 2089 285 2158; x_wconf 70' lang='lat' dir='ltr'><strong>fuissemus,¹</strong></span> <span class='ocrx_word' id='word_1_148' title='bbox 307 2084 462 2142; x_wconf 88' lang='lat' dir='ltr'><strong>adiuvante</strong></span> <span class='ocrx_word' id='word_1_149' title='bbox 480 2083 540 2140; x_wconf 88' lang='lat' dir='ltr'><strong>Dei</strong></span> <span class='ocrx_word' id='word_1_150' title='bbox 560 2081 773 2160; x_wconf 83' lang='lat' dir='ltr'><strong>omnipotentis</strong></span> <span class='ocrx_word' id='word_1_151' title='bbox 792 2083 1007 2162; x_wconf 84' lang='lat' dir='ltr'><strong>misericordia,</strong></span> <span class='ocrx_word' id='word_1_152' title='bbox 1025 2105 1078 2147; x_wconf 87' lang='lat' dir='ltr'><strong>vos</strong></span> <span class='ocrx_word' id='word_1_153' title='bbox 1097 2087 1216 2149; x_wconf 89' lang='lat' dir='ltr'><strong>habuis-</strong></span> 
     </span>
     <span class='ocr_line' id='line_1_18' title="bbox 109 2171 1231 2262; baseline 0.002 -20"><span class='ocrx_word' id='word_1_154' title='bbox 109 2180 179 2242; x_wconf 90' lang='lat' dir='ltr'><strong>setis</strong></span> <span class='ocrx_word' id='word_1_155' title='bbox 197 2172 354 2238; x_wconf 78' lang='lat' dir='ltr'><strong>veritatem</strong></span> <span class='ocrx_word' id='word_1_156' title='bbox 374 2185 404 2233; x_wconf 90' lang='lat' dir='ltr'><strong>et</strong></span> <span class='ocrx_word' id='word_1_157' title='bbox 423 2171 607 2232; x_wconf 87' lang='lat' dir='ltr'><strong>mendacium</strong></span> <span class='ocrx_word' id='word_1_158' title='bbox 624 2173 802 2248; x_wconf 84' lang='lat' dir='ltr'><strong>discernere3</strong></span> <span class='ocrx_word' id='word_1_159' title='bbox 823 2176 890 2252; x_wconf 88' lang='lat' dir='ltr'><strong>quia</strong></span> <span class='ocrx_word' id='word_1_160' title='bbox 908 2177 996 2238; x_wconf 88' lang='lat' dir='ltr'><strong>talem</strong></span> <span class='ocrx_word' id='word_1_161' title='bbox 1016 2179 1100 2244; x_wconf 91' lang='lat' dir='ltr'><strong>vobis</strong></span> <span class='ocrx_word' id='word_1_162' title='bbox 1120 2181 1231 2262; x_wconf 29' lang='lat' dir='ltr'><strong>aneo,</strong></span> 
     </span>
     <span class='ocr_line' id='line_1_19' title="bbox 110 2262 1284 2354; baseline -0.007 -19"><span class='ocrx_word' id='word_1_163' title='bbox 110 2277 208 2336; x_wconf 87' lang='lat' dir='ltr'><strong>datam</strong></span> <span class='ocrx_word' id='word_1_164' title='bbox 229 2290 291 2331; x_wconf 89' lang='lat' dir='ltr'><strong>esse</strong></span> <span class='ocrx_word' id='word_1_165' title='bbox 311 2266 484 2346; x_wconf 82' lang='lat' dir='ltr'><strong>sapientiam</strong></span> <span class='ocrx_word' id='word_1_166' title='bbox 505 2262 661 2338; x_wconf 89' lang='lat' dir='ltr'><strong>credimus,</strong></span> <span class='ocrx_word' id='word_1_167' title='bbox 680 2273 714 2321; x_wconf 91' lang='lat' dir='ltr'><strong>ut</strong></span> <span class='ocrx_word' id='word_1_168' title='bbox 732 2263 791 2322; x_wconf 83' lang='lat' dir='ltr'><strong>tale</strong></span> <span class='ocrx_word' id='word_1_169' title='bbox 810 2265 1022 2348; x_wconf 85' lang='lat' dir='ltr'><strong>improperium</strong></span> <span class='ocrx_word' id='word_1_170' title='bbox 1041 2286 1130 2354; x_wconf 87' lang='lat' dir='ltr'><strong>atque</strong></span> <span class='ocrx_word' id='word_1_171' title='bbox 1143 2295 1218 2336; x_wconf 81' lang='lat' dir='ltr'><strong>con.</strong></span> <span class='ocrx_word' id='word_1_172' title='bbox 1279 2280 1284 2289; x_wconf 93' lang='grc'><strong>“</strong></span> 
     </span>
     <span class='ocr_line' id='line_1_20' title="bbox 26 2355 1219 2439; baseline -0.002 -10"><span class='ocrx_word' id='word_1_173' title='bbox 26 2421 29 2439; x_wconf 91' lang='grc'>,</span> <span class='ocrx_word' id='word_1_174' title='bbox 111 2367 262 2428; x_wconf 83' lang='lat' dir='ltr'><strong>fusionem</strong></span> <span class='ocrx_word' id='word_1_175' title='bbox 280 2383 343 2422; x_wconf 91' lang='lat' dir='ltr'><strong>uon</strong></span> <span class='ocrx_word' id='word_1_176' title='bbox 362 2359 560 2420; x_wconf 85' lang='lat' dir='ltr'><strong>habuissemus</strong></span> <span class='ocrx_word' id='word_1_177' title='bbox 579 2355 611 2416; x_wconf 91' lang='lat' dir='ltr'><strong>in</strong></span> <span class='ocrx_word' id='word_1_178' title='bbox 630 2355 736 2415; x_wconf 86' lang='lat' dir='ltr'><strong>faciem</strong></span> <span class='ocrx_word' id='word_1_179' title='bbox 756 2366 897 2416; x_wconf 83' lang='lat' dir='ltr'><strong>nostram.</strong></span> <span class='ocrx_word' id='word_1_180' title='bbox 937 2362 1102 2423; x_wconf 83' lang='lat' dir='ltr'><strong>Recordari</strong></span> <span class='ocrx_word' id='word_1_181' title='bbox 1123 2368 1219 2428; x_wconf 89' lang='lat' dir='ltr'><strong>credi-</strong></span> 
     </span>
     <span class='ocr_line' id='line_1_21' title="bbox 112 2448 1219 2536; baseline -0.001 -16"><span class='ocrx_word' id='word_1_182' title='bbox 112 2480 179 2520; x_wconf 83' lang='lat' dir='ltr'><strong>mus</strong></span> <span class='ocrx_word' id='word_1_183' title='bbox 199 2467 323 2519; x_wconf 87' lang='lat' dir='ltr'><strong>vestram</strong></span> <span class='ocrx_word' id='word_1_184' title='bbox 334 2453 531 2514; x_wconf 80' lang='lat' dir='ltr'><strong>serenitatem</strong></span> <span class='ocrx_word' id='word_1_185' title='bbox 550 2450 619 2530; x_wconf 83' lang='lat' dir='ltr'><strong>quia</strong></span> <span class='ocrx_word' id='word_1_186' title='bbox 639 2448 752 2510; x_wconf 89' lang='lat' dir='ltr'><strong>vicibus</strong></span> <span class='ocrx_word' id='word_1_187' title='bbox 771 2449 860 2512; x_wconf 92' lang='lat' dir='ltr'><strong>nobis</strong></span> <span class='ocrx_word' id='word_1_188' title='bbox 878 2452 1005 2530; x_wconf 86' lang='lat' dir='ltr'><strong>misistis,</strong></span> <span class='ocrx_word' id='word_1_189' title='bbox 1024 2455 1105 2536; x_wconf 88' lang='lat' dir='ltr'><strong>quod</strong></span> <span class='ocrx_word' id='word_1_190' title='bbox 1123 2459 1219 2518; x_wconf 89' lang='lat' dir='ltr'><strong>nemi-</strong></span> 
     </span>
     <span class='ocr_line' id='line_1_22' title="bbox 110 2543 1219 2626; baseline 0.003 -15"><span class='ocrx_word' id='word_1_191' title='bbox 110 2571 180 2612; x_wconf 90' lang='lat' dir='ltr'><strong>nem</strong></span> <span class='ocrx_word' id='word_1_192' title='bbox 192 2551 230 2612; x_wconf 92' lang='lat' dir='ltr'><strong>de</strong></span> <span class='ocrx_word' id='word_1_193' title='bbox 240 2547 327 2620; x_wconf 88' lang='lat' dir='ltr'><strong>nobis</strong></span> <span class='ocrx_word' id='word_1_194' title='bbox 341 2546 417 2607; x_wconf 90' lang='lat' dir='ltr'><strong>male</strong></span> <span class='ocrx_word' id='word_1_195' title='bbox 428 2545 511 2625; x_wconf 90' lang='lat' dir='ltr'><strong>loqui</strong></span> <span class='ocrx_word' id='word_1_196' title='bbox 521 2543 740 2626; x_wconf 89' lang='lat' dir='ltr'><strong>permitteretis,</strong></span> <span class='ocrx_word' id='word_1_197' title='bbox 759 2564 858 2624; x_wconf 92' lang='lat' dir='ltr'><strong>neque</strong></span> <span class='ocrx_word' id='word_1_198' title='bbox 873 2544 971 2608; x_wconf 89' lang='lat' dir='ltr'><strong>locum</strong></span> <span class='ocrx_word' id='word_1_199' title='bbox 986 2547 1030 2608; x_wconf 90' lang='lat' dir='ltr'><strong>illi</strong></span> <span class='ocrx_word' id='word_1_200' title='bbox 1040 2549 1219 2614; x_wconf 82' lang='lat' dir='ltr'><strong>tribueretis.</strong></span> 
     </span>
     <span class='ocr_line' id='line_1_23' title="bbox 111 2632 1218 2726; baseline 0.004 -22"><span class='ocrx_word' id='word_1_201' title='bbox 111 2645 173 2705; x_wconf 88' lang='lat' dir='ltr'><strong>Sed</strong></span> <span class='ocrx_word' id='word_1_202' title='bbox 201 2643 271 2723; x_wconf 89' lang='lat' dir='ltr'><strong>quid</strong></span> <span class='ocrx_word' id='word_1_203' title='bbox 289 2642 380 2724; x_wconf 89' lang='lat' dir='ltr'><strong>igitur</strong></span> <span class='ocrx_word' id='word_1_204' title='bbox 402 2647 508 2715; x_wconf 88' lang='lat' dir='ltr'><strong>restat&#39;,</strong></span> <span class='ocrx_word' id='word_1_205' title='bbox 532 2637 589 2698; x_wconf 87' lang='lat' dir='ltr'><strong>nisi</strong></span> <span class='ocrx_word' id='word_1_206' title='bbox 604 2647 647 2696; x_wconf 90' lang='lat' dir='ltr'><strong>-ut</strong></span> <span class='ocrx_word' id='word_1_207' title='bbox 670 2636 748 2696; x_wconf 91' lang='lat' dir='ltr'><strong>inter</strong></span> <span class='ocrx_word' id='word_1_208' title='bbox 772 2632 1115 2721; x_wconf 68' lang='lat' dir='ltr'><strong>tantas&#39;accusationes,</strong></span> <span class='ocrx_word' id='word_1_209' title='bbox 1142 2667 1218 2726; x_wconf 81' lang='lat' dir='ltr'><strong>quae</strong></span> 
     </span>
     <span class='ocr_line' id='line_1_24' title="bbox 113 2729 1219 2812; baseline 0.003 -15"><span class='ocrx_word' id='word_1_210' title='bbox 113 2739 149 2798; x_wconf 91' lang='lat' dir='ltr'><strong>de</strong></span> <span class='ocrx_word' id='word_1_211' title='bbox 169 2735 258 2796; x_wconf 91' lang='lat' dir='ltr'><strong>nohis</strong></span> <span class='ocrx_word' id='word_1_212' title='bbox 279 2746 309 2794; x_wconf 90' lang='lat' dir='ltr'><strong>ct</strong></span> <span class='ocrx_word' id='word_1_213' title='bbox 328 2733 463 2794; x_wconf 89' lang='lat' dir='ltr'><strong>fidelibus</strong></span> <span class='ocrx_word' id='word_1_214' title='bbox 482 2731 601 2806; x_wconf 89' lang='lat' dir='ltr'><strong>nostris,</strong></span> <span class='ocrx_word' id='word_1_215' title='bbox 622 2729 672 2809; x_wconf 88' lang='lat' dir='ltr'><strong>qui</strong></span> <span class='ocrx_word' id='word_1_216' title='bbox 692 2729 819 2808; x_wconf 89' lang='lat' dir='ltr'><strong>aliquem</strong></span> <span class='ocrx_word' id='word_1_217' title='bbox 838 2731 1005 2812; x_wconf 81' lang='lat' dir='ltr'><strong>proiectum</strong></span> <span class='ocrx_word' id='word_1_218' title='bbox 1024 2749 1142 2800; x_wconf 84' lang='lat' dir='ltr'><strong>sanctae</strong></span> <span class='ocrx_word' id='word_1_219' title='bbox 1161 2759 1219 2800; x_wconf 89' lang='lat' dir='ltr'><strong>no-</strong></span> 
     </span>
     <span class='ocr_line' id='line_1_25' title="bbox 111 2823 1219 2914; baseline 0.001 -23"><span class='ocrx_word' id='word_1_220' title='bbox 111 2842 189 2892; x_wconf 91' lang='lat' dir='ltr'><strong>strae</strong></span> <span class='ocrx_word' id='word_1_221' title='bbox 203 2827 354 2890; x_wconf 87' lang='lat' dir='ltr'><strong>Ecclesiae</strong></span> <span class='ocrx_word' id='word_1_222' title='bbox 374 2825 534 2902; x_wconf 79' lang='lat' dir='ltr'><strong>faciebant,</strong></span> <span class='ocrx_word' id='word_1_223' title='bbox 552 2825 637 2888; x_wconf 92' lang='lat' dir='ltr'><strong>vobis</strong></span> <span class='ocrx_word' id='word_1_224' title='bbox 658 2823 753 2884; x_wconf 89' lang='lat' dir='ltr'><strong>dictae</strong></span> <span class='ocrx_word' id='word_1_225' title='bbox 773 2833 850 2900; x_wconf 92' lang='lat' dir='ltr'><strong>sunt,</strong></span> <span class='ocrx_word' id='word_1_226' title='bbox 870 2847 936 2885; x_wconf 86' lang='lat' dir='ltr'><strong>cunr</strong></span> <span class='ocrx_word' id='word_1_227' title='bbox 955 2827 1091 2911; x_wconf 83' lang='lat' dir='ltr'><strong>lacrymis</strong></span> <span class='ocrx_word' id='word_1_228' title='bbox 1111 2833 1219 2914; x_wconf 88' lang='lat' dir='ltr'><strong>gratias</strong></span> 
     </span>
     <span class='ocr_line' id='line_1_26' title="bbox 112 2915 1219 3010; baseline 0.005 -27"><span class='ocrx_word' id='word_1_229' title='bbox 112 2944 198 3006; x_wconf 85' lang='lat' dir='ltr'><strong>agam</strong></span> <span class='ocrx_word' id='word_1_230' title='bbox 221 2922 292 2982; x_wconf 86' lang='lat' dir='ltr'><strong>Deo</strong></span> <span class='ocrx_word' id='word_1_231' title='bbox 320 2919 529 3002; x_wconf 86' lang='lat' dir='ltr'><strong>omnipotenti.</strong></span> <span class='ocrx_word' id='word_1_232' title='bbox 573 2919 650 2980; x_wconf 88' lang='lat' dir='ltr'><strong>Nam</strong></span> <span class='ocrx_word' id='word_1_233' title='bbox 676 2916 713 2976; x_wconf 90' lang='lat' dir='ltr'><strong>dc</strong></span> <span class='ocrx_word' id='word_1_234' title='bbox 737 2915 790 2976; x_wconf 93' lang='lat' dir='ltr'><strong>illo</strong></span> <span class='ocrx_word' id='word_1_235' title='bbox 810 2937 931 2995; x_wconf 90' lang='lat' dir='ltr'><strong>amore,</strong></span> <span class='ocrx_word' id='word_1_236' title='bbox 955 2942 1044 3002; x_wconf 92' lang='lat' dir='ltr'><strong>quem</strong></span> <span class='ocrx_word' id='word_1_237' title='bbox 1069 2945 1140 3010; x_wconf 89' lang='lat' dir='ltr'><strong>erga</strong></span> <span class='ocrx_word' id='word_1_238' title='bbox 1165 2946 1219 2988; x_wconf 86' lang='lat' dir='ltr'><strong>vos</strong></span> 
     </span>
     <span class='ocr_line' id='line_1_27' title="bbox 112 3013 1221 3098; baseline 0.003 -21"><span class='ocrx_word' id='word_1_239' title='bbox 112 3017 258 3098; x_wconf 84' lang='lat' dir='ltr'><strong>gerimus,</strong></span> <span class='ocrx_word' id='word_1_240' title='bbox 284 3015 381 3075; x_wconf 90' lang='lat' dir='ltr'><strong>nullus</strong></span> <span class='ocrx_word' id='word_1_241' title='bbox 406 3013 437 3073; x_wconf 90' lang='lat' dir='ltr'><strong>in</strong></span> <span class='ocrx_word' id='word_1_242' title='bbox 456 3013 511 3072; x_wconf 90' lang='lat' dir='ltr'><strong>hae</strong></span> <span class='ocrx_word' id='word_1_243' title='bbox 534 3013 595 3074; x_wconf 87' lang='lat' dir='ltr'><strong>vita</strong></span> <span class='ocrx_word' id='word_1_244' title='bbox 620 3031 676 3073; x_wconf 91' lang='lat' dir='ltr'><strong>nos</strong></span> <span class='ocrx_word' id='word_1_245' title='bbox 695 3030 830 3092; x_wconf 90' lang='lat' dir='ltr'><strong>separare</strong></span> <span class='ocrx_word' id='word_1_246' title='bbox 849 3025 951 3092; x_wconf 89' lang='lat' dir='ltr'><strong>potest</strong></span> <span class='ocrx_word' id='word_1_247' title='bbox 967 3015 1029 3076; x_wconf 74' lang='lat' dir='ltr'><strong>&#39;nisi</strong></span> <span class='ocrx_word' id='word_1_248' title='bbox 1048 3017 1111 3078; x_wconf 83' lang='lat' dir='ltr'><strong>sola</strong></span> <span class='ocrx_word' id='word_1_249' title='bbox 1129 3038 1221 3096; x_wconf 91' lang='lat' dir='ltr'><strong>mors,</strong></span> 
     </span>
     <span class='ocr_line' id='line_1_28' title="bbox 114 3105 1220 3190; baseline 0 -20"><span class='ocrx_word' id='word_1_250' title='bbox 114 3110 295 3190; x_wconf 91' lang='lat' dir='ltr'><strong>quandoque</strong></span> <span class='ocrx_word' id='word_1_251' title='bbox 315 3109 403 3170; x_wconf 93' lang='lat' dir='ltr'><strong>nobis</strong></span> <span class='ocrx_word' id='word_1_252' title='bbox 424 3105 589 3168; x_wconf 88' lang='lat' dir='ltr'><strong>obvenerit.</strong></span> <span class='ocrx_word' id='word_1_253' title='bbox 628 3105 689 3167; x_wconf 91' lang='lat' dir='ltr'><strong>Sed</strong></span> <span class='ocrx_word' id='word_1_254' title='bbox 709 3105 779 3186; x_wconf 90' lang='lat' dir='ltr'><strong>quid</strong></span> <span class='ocrx_word' id='word_1_255' title='bbox 798 3117 912 3166; x_wconf 90' lang='lat' dir='ltr'><strong>tantum</strong></span> <span class='ocrx_word' id='word_1_256' title='bbox 931 3105 1079 3170; x_wconf 77' lang='lat' dir='ltr'><strong>fastidium</strong></span> <span class='ocrx_word' id='word_1_257' title='bbox 1099 3110 1220 3171; x_wconf 83' lang='lat' dir='ltr'><strong>facimus</strong></span> 
     </span>
     <span class='ocr_line' id='line_1_29' title="bbox 71 3197 1220 3284; baseline -0.001 -20"><span class='ocrx_word' id='word_1_258' title='bbox 71 3225 73 3234; x_wconf 64' lang='lat'><strong><em>⁴</em></strong></span> <span class='ocrx_word' id='word_1_259' title='bbox 114 3203 233 3264; x_wconf 89' lang='lat' dir='ltr'><strong>auribus</strong></span> <span class='ocrx_word' id='word_1_260' title='bbox 242 3201 364 3266; x_wconf 83' lang='lat' dir='ltr'><strong>vestris?</strong></span> <span class='ocrx_word' id='word_1_261' title='bbox 395 3199 578 3276; x_wconf 83' lang='lat' dir='ltr'><strong>Certissima,</strong></span> <span class='ocrx_word' id='word_1_262' title='bbox 596 3199 781 3280; x_wconf 87' lang='lat' dir='ltr'><strong>inquantum</strong></span> <span class='ocrx_word' id='word_1_263' title='bbox 800 3197 888 3258; x_wconf 85' lang='lat' dir='ltr'><strong>nobis</strong></span> <span class='ocrx_word' id='word_1_264' title='bbox 898 3199 980 3262; x_wconf 91' lang='lat' dir='ltr'><strong>Deus</strong></span> <span class='ocrx_word' id='word_1_265' title='bbox 999 3201 1103 3284; x_wconf 90' lang='lat' dir='ltr'><strong>largiri</strong></span> <span class='ocrx_word' id='word_1_266' title='bbox 1115 3203 1220 3284; x_wconf 85' lang='lat' dir='ltr'><strong>digna-</strong></span> 
     </span>
     <span class='ocr_line' id='line_1_30' title="bbox 79 3291 1219 3374; baseline -0.004 -15"><span class='ocrx_word' id='word_1_267' title='bbox 79 3325 81 3337; x_wconf 63' lang='lat'><strong>¹</strong></span> <span class='ocrx_word' id='word_1_268' title='bbox 113 3309 157 3358; x_wconf 90' lang='lat' dir='ltr'><strong>tus</strong></span> <span class='ocrx_word' id='word_1_269' title='bbox 179 3307 236 3371; x_wconf 91' lang='lat' dir='ltr'><strong>est,</strong></span> <span class='ocrx_word' id='word_1_270' title='bbox 255 3295 296 3354; x_wconf 90' lang='lat' dir='ltr'><strong>sic</strong></span> <span class='ocrx_word' id='word_1_271' title='bbox 316 3293 460 3354; x_wconf 89' lang='lat' dir='ltr'><strong>innostro</strong></span> <span class='ocrx_word' id='word_1_272' title='bbox 480 3313 568 3354; x_wconf 91' lang='lat' dir='ltr'><strong>sensu</strong></span> <span class='ocrx_word' id='word_1_273' title='bbox 588 3291 761 3374; x_wconf 87' lang='lat' dir='ltr'><strong>cogitamus,</strong></span> <span class='ocrx_word' id='word_1_274' title='bbox 782 3292 863 3371; x_wconf 89' lang='lat' dir='ltr'><strong>quod</strong></span> <span class='ocrx_word' id='word_1_275' title='bbox 882 3291 979 3352; x_wconf 89' lang='lat' dir='ltr'><strong>nullus</strong></span> <span class='ocrx_word' id='word_1_276' title='bbox 999 3293 1035 3350; x_wconf 90' lang='lat' dir='ltr'><strong>de</strong></span> <span class='ocrx_word' id='word_1_277' title='bbox 1050 3303 1219 3355; x_wconf 89' lang='lat' dir='ltr'><strong>autecesso-</strong></span> 
     </span>
     <span class='ocr_line' id='line_1_31' title="bbox 113 3379 1221 3464; baseline 0.003 -18"><span class='ocrx_word' id='word_1_278' title='bbox 113 3390 195 3452; x_wconf 84' lang='lat' dir='ltr'><strong>rihus</strong></span> <span class='ocrx_word' id='word_1_279' title='bbox 222 3387 333 3446; x_wconf 89' lang='lat' dir='ltr'><strong>nostris</strong></span> <span class='ocrx_word' id='word_1_280' title='bbox 351 3385 482 3464; x_wconf 84' lang='lat' dir='ltr'><strong>partibus</strong></span> <span class='ocrx_word' id='word_1_281' title='bbox 507 3384 568 3444; x_wconf 92' lang='lat' dir='ltr'><strong>istis</strong></span> <span class='ocrx_word' id='word_1_282' title='bbox 594 3405 659 3443; x_wconf 91' lang='lat' dir='ltr'><strong>cum</strong></span> <span class='ocrx_word' id='word_1_283' title='bbox 678 3397 763 3442; x_wconf 86' lang='lat' dir='ltr'><strong>tanto</strong></span> <span class='ocrx_word' id='word_1_284' title='bbox 788 3379 1221 3464; x_wconf 53' lang='lat' dir='ltr'><strong>amore&#39;servierit,·quantum</strong></span> 
     </span>
     <span class='ocr_line' id='line_1_32' title="bbox 114 3473 1220 3554; baseline 0.001 -12"><span class='ocrx_word' id='word_1_285' title='bbox 114 3504 169 3544; x_wconf 92' lang='lat' dir='ltr'><strong>nos</strong></span> <span class='ocrx_word' id='word_1_286' title='bbox 188 3477 370 3544; x_wconf 89' lang='lat' dir='ltr'><strong>servivimus.</strong></span> <span class='ocrx_word' id='word_1_287' title='bbox 409 3476 471 3538; x_wconf 80' lang='lat' dir='ltr'><strong>Sed</strong></span> <span class='ocrx_word' id='word_1_288' title='bbox 489 3485 622 3536; x_wconf 82' lang='lat' dir='ltr'><strong>nostrum</strong></span> <span class='ocrx_word' id='word_1_289' title='bbox 642 3473 801 3550; x_wconf 86' lang='lat' dir='ltr'><strong>servitium,</strong></span> <span class='ocrx_word' id='word_1_290' title='bbox 820 3485 854 3534; x_wconf 90' lang='lat' dir='ltr'><strong>ut</strong></span> <span class='ocrx_word' id='word_1_291' title='bbox 872 3473 1018 3554; x_wconf 89' lang='lat' dir='ltr'><strong>videmus,</strong></span> <span class='ocrx_word' id='word_1_292' title='bbox 1039 3477 1151 3540; x_wconf 89' lang='lat' dir='ltr'><strong>nemini</strong></span> <span class='ocrx_word' id='word_1_293' title='bbox 1171 3501 1220 3542; x_wconf 88' lang='lat' dir='ltr'><strong>ac-</strong></span> 
     </span>
     <span class='ocr_line' id='line_1_33' title="bbox 117 3572 319 3658; baseline -0.04 -20"><span class='ocrx_word' id='word_1_294' title='bbox 117 3587 234 3658; x_wconf 83' lang='lat' dir='ltr'><strong>ceptum</strong></span> <span class='ocrx_word' id='word_1_295' title='bbox 254 3572 319 3643; x_wconf 79' lang='lat' dir='ltr'><strong>suit.</strong></span> 
     </span>
    </p>

    <p class='ocr_par' dir='ltr' id='par_1_4' title="bbox 119 3655 1276 4494">
     <span class='ocr_line' id='line_1_34' title="bbox 171 3655 1221 3744; baseline 0 -14"><span class='ocrx_word' id='word_1_296' title='bbox 171 3669 222 3730; x_wconf 88' lang='lat' dir='ltr'><strong>Da</strong></span> <span class='ocrx_word' id='word_1_297' title='bbox 242 3660 339 3726; x_wconf 81' lang='lat' dir='ltr'><strong>autem</strong></span> <span class='ocrx_word' id='word_1_298' title='bbox 359 3659 574 3724; x_wconf 86' lang='lat' dir='ltr'><strong>accusatoribus</strong></span> <span class='ocrx_word' id='word_1_299' title='bbox 593 3661 749 3724; x_wconf 88' lang='lat' dir='ltr'><strong>Missurum</strong></span> <span class='ocrx_word' id='word_1_300' title='bbox 772 3674 953 3739; x_wconf 90' lang='lat' dir='ltr'><strong>vestrorum,</strong></span> <span class='ocrx_word' id='word_1_301' title='bbox 983 3663 1019 3723; x_wconf 90' lang='lat' dir='ltr'><strong>de</strong></span> <span class='ocrx_word' id='word_1_302' title='bbox 1040 3663 1145 3744; x_wconf 85' lang='lat' dir='ltr'><strong>quihus</strong></span> <span class='ocrx_word' id='word_1_303' title='bbox 1166 3655 1221 3730; x_wconf 80' lang='lat' dir='ltr'><strong>nos</strong></span> 
     </span>
     <span class='ocr_line' id='line_1_35' title="bbox 119 3755 1221 3835; baseline -0.003 -12"><span class='ocrx_word' id='word_1_304' title='bbox 119 3760 270 3835; x_wconf 88' lang='lat' dir='ltr'><strong>emisistis,</strong></span> <span class='ocrx_word' id='word_1_305' title='bbox 294 3769 328 3818; x_wconf 91' lang='lat' dir='ltr'><strong>ut</strong></span> <span class='ocrx_word' id='word_1_306' title='bbox 346 3768 396 3817; x_wconf 85' lang='lat' dir='ltr'><strong>aut</strong></span> <span class='ocrx_word' id='word_1_307' title='bbox 414 3756 446 3816; x_wconf 93' lang='lat' dir='ltr'><strong>in</strong></span> <span class='ocrx_word' id='word_1_308' title='bbox 464 3765 596 3816; x_wconf 87' lang='lat' dir='ltr'><strong>nostram</strong></span> <span class='ocrx_word' id='word_1_309' title='bbox 620 3766 670 3815; x_wconf 90' lang='lat' dir='ltr'><strong>aut</strong></span> <span class='ocrx_word' id='word_1_310' title='bbox 689 3755 719 3814; x_wconf 92' lang='lat' dir='ltr'><strong>in</strong></span> <span class='ocrx_word' id='word_1_311' title='bbox 739 3765 864 3815; x_wconf 87' lang='lat' dir='ltr'><strong>vestram</strong></span> <span class='ocrx_word' id='word_1_312' title='bbox 884 3756 1079 3834; x_wconf 89' lang='lat' dir='ltr'><strong>praesentiam</strong></span> <span class='ocrx_word' id='word_1_313' title='bbox 1105 3759 1143 3819; x_wconf 85' lang='lat' dir='ltr'><strong>ad</strong></span> <span class='ocrx_word' id='word_1_314' title='bbox 1162 3759 1221 3820; x_wconf 92' lang='lat' dir='ltr'><strong>dis-</strong></span> 
     </span>
     <span class='ocr_line' id='line_1_36' title="bbox 120 3837 1221 3928; baseline -0.001 -13"><span class='ocrx_word' id='word_1_315' title='bbox 120 3853 288 3915; x_wconf 90' lang='lat' dir='ltr'><strong>cutiendum</strong></span> <span class='ocrx_word' id='word_1_316' title='bbox 312 3850 444 3920; x_wconf 88' lang='lat' dir='ltr'><strong>veniant;</strong></span> <span class='ocrx_word' id='word_1_317' title='bbox 475 3847 499 3908; x_wconf 91' lang='lat' dir='ltr'><strong>si</strong></span> <span class='ocrx_word' id='word_1_318' title='bbox 528 3848 625 3928; x_wconf 90' lang='lat' dir='ltr'><strong>placet</strong></span> <span class='ocrx_word' id='word_1_319' title='bbox 649 3848 756 3910; x_wconf 89' lang='lat' dir='ltr'><strong>Pietati</strong></span> <span class='ocrx_word' id='word_1_320' title='bbox 782 3861 911 3923; x_wconf 87' lang='lat' dir='ltr'><strong>vestrae,</strong></span> <span class='ocrx_word' id='word_1_321' title='bbox 943 3849 1064 3911; x_wconf 89' lang='lat' dir='ltr'><strong>Missum</strong></span> <span class='ocrx_word' id='word_1_322' title='bbox 1092 3837 1221 3914; x_wconf 76' lang='lat' dir='ltr'><strong>vestrum</strong></span> 
     </span>
     <span class='ocr_line' id='line_1_37' title="bbox 122 3939 1221 4028; baseline -0.002 -23"><span class='ocrx_word' id='word_1_323' title='bbox 122 3946 237 4028; x_wconf 85' lang='lat' dir='ltr'><strong>dirigite</strong></span> <span class='ocrx_word' id='word_1_324' title='bbox 248 3945 357 4024; x_wconf 88' lang='lat' dir='ltr'><strong>absque</strong></span> <span class='ocrx_word' id='word_1_325' title='bbox 365 3941 433 4017; x_wconf 92' lang='lat' dir='ltr'><strong>illis,</strong></span> <span class='ocrx_word' id='word_1_326' title='bbox 452 3939 503 4020; x_wconf 90' lang='lat' dir='ltr'><strong>qui</strong></span> <span class='ocrx_word' id='word_1_327' title='bbox 523 3941 620 4002; x_wconf 86' lang='lat' dir='ltr'><strong>omnia</strong></span> <span class='ocrx_word' id='word_1_328' title='bbox 640 3941 777 4022; x_wconf 91' lang='lat' dir='ltr'><strong>liquidius</strong></span> <span class='ocrx_word' id='word_1_329' title='bbox 793 3941 932 4021; x_wconf 87' lang='lat' dir='ltr'><strong>inquirat,</strong></span> <span class='ocrx_word' id='word_1_330' title='bbox 953 3953 983 4002; x_wconf 91' lang='lat' dir='ltr'><strong>et</strong></span> <span class='ocrx_word' id='word_1_331' title='bbox 1002 3955 1115 4005; x_wconf 89' lang='lat' dir='ltr'><strong>vestrae</strong></span> <span class='ocrx_word' id='word_1_332' title='bbox 1126 3945 1221 4024; x_wconf 88' lang='lat' dir='ltr'><strong>impe-</strong></span> 
     </span>
     <span class='ocr_line' id='line_1_38' title="bbox 121 4033 1221 4116; baseline -0.006 -15"><span class='ocrx_word' id='word_1_333' title='bbox 121 4038 188 4101; x_wconf 88' lang='lat' dir='ltr'><strong>riali</strong></span> <span class='ocrx_word' id='word_1_334' title='bbox 205 4037 360 4100; x_wconf 88' lang='lat' dir='ltr'><strong>Potentiae</strong></span> <span class='ocrx_word' id='word_1_335' title='bbox 380 4033 507 4094; x_wconf 88' lang='lat' dir='ltr'><strong>fideliter</strong></span> <span class='ocrx_word' id='word_1_336' title='bbox 526 4034 647 4094; x_wconf 89' lang='lat' dir='ltr'><strong>nunciet</strong></span> <span class='ocrx_word' id='word_1_337' title='bbox 670 4033 740 4116; x_wconf 93' lang='lat' dir='ltr'><strong>quid</strong></span> <span class='ocrx_word' id='word_1_338' title='bbox 759 4045 809 4094; x_wconf 89' lang='lat' dir='ltr'><strong>aut</strong></span> <span class='ocrx_word' id='word_1_339' title='bbox 827 4035 980 4114; x_wconf 91' lang='lat' dir='ltr'><strong>quomodo</strong></span> <span class='ocrx_word' id='word_1_340' title='bbox 1000 4035 1061 4097; x_wconf 86' lang='lat' dir='ltr'><strong>istis</strong></span> <span class='ocrx_word' id='word_1_341' title='bbox 1080 4036 1112 4112; x_wconf 85' lang='lat' dir='ltr'><strong>in</strong></span> <span class='ocrx_word' id='word_1_342' title='bbox 1131 4037 1221 4116; x_wconf 90' lang='lat' dir='ltr'><strong>parti-</strong></span> 
     </span>
     <span class='ocr_line' id='line_1_39' title="bbox 121 4123 1276 4216; baseline -0.001 -24"><span class='ocrx_word' id='word_1_343' title='bbox 121 4129 178 4192; x_wconf 88' lang='lat' dir='ltr'><strong>bus</strong></span> <span class='ocrx_word' id='word_1_344' title='bbox 190 4131 321 4216; x_wconf 72' lang='lat' dir='ltr'><strong>¹egerint,</strong></span> <span class='ocrx_word' id='word_1_345' title='bbox 341 4129 457 4212; x_wconf 88' lang='lat' dir='ltr'><strong>qualern</strong></span> <span class='ocrx_word' id='word_1_346' title='bbox 476 4125 642 4207; x_wconf 84' lang='lat' dir='ltr'><strong>proiectum</strong></span> <span class='ocrx_word' id='word_1_347' title='bbox 663 4127 766 4206; x_wconf 78' lang='lat' dir='ltr'><strong>exinde</strong></span> <span class='ocrx_word' id='word_1_348' title='bbox 786 4127 895 4187; x_wconf 85' lang='lat' dir='ltr'><strong>Sancta</strong></span> <span class='ocrx_word' id='word_1_349' title='bbox 909 4127 968 4188; x_wconf 89' lang='lat' dir='ltr'><strong>Dei</strong></span> <span class='ocrx_word' id='word_1_350' title='bbox 979 4128 1110 4189; x_wconf 87' lang='lat' dir='ltr'><strong>Ecclesia</strong></span> <span class='ocrx_word' id='word_1_351' title='bbox 1130 4141 1224 4204; x_wconf 82' lang='lat' dir='ltr'><strong>mater</strong></span> <span class='ocrx_word' id='word_1_352' title='bbox 1272 4123 1276 4132; x_wconf 51' lang='lat'><strong>¹</strong></span> 
     </span>
     <span class='ocr_line' id='line_1_40' title="bbox 123 4219 1222 4304; baseline -0.001 -20"><span class='ocrx_word' id='word_1_353' title='bbox 123 4236 218 4285; x_wconf 89' lang='lat' dir='ltr'><strong>vestra</strong></span> <span class='ocrx_word' id='word_1_354' title='bbox 237 4225 352 4286; x_wconf 89' lang='lat' dir='ltr'><strong>habeat.</strong></span> <span class='ocrx_word' id='word_1_355' title='bbox 390 4223 600 4282; x_wconf 87' lang='lat' dir='ltr'><strong>Verumtamen</strong></span> <span class='ocrx_word' id='word_1_356' title='bbox 621 4219 718 4283; x_wconf 89' lang='lat' dir='ltr'><strong>omnia</strong></span> <span class='ocrx_word' id='word_1_357' title='bbox 739 4221 770 4279; x_wconf 92' lang='lat' dir='ltr'><strong>in</strong></span> <span class='ocrx_word' id='word_1_358' title='bbox 789 4231 887 4282; x_wconf 89' lang='lat' dir='ltr'><strong>vestro</strong></span> <span class='ocrx_word' id='word_1_359' title='bbox 907 4221 1113 4283; x_wconf 86' lang='lat' dir='ltr'><strong>committimus</strong></span> <span class='ocrx_word' id='word_1_360' title='bbox 1138 4243 1222 4304; x_wconf 85' lang='lat' dir='ltr'><strong>saga-</strong></span> 
     </span>
     <span class='ocr_line' id='line_1_41' title="bbox 123 4313 1222 4394; baseline 0 -18"><span class='ocrx_word' id='word_1_361' title='bbox 123 4316 237 4378; x_wconf 89' lang='lat' dir='ltr'><strong>cissimo</strong></span> <span class='ocrx_word' id='word_1_362' title='bbox 268 4317 401 4378; x_wconf 86' lang='lat' dir='ltr'><strong>arbitrio.</strong></span> <span class='ocrx_word' id='word_1_363' title='bbox 450 4313 503 4374; x_wconf 84' lang='lat' dir='ltr'><strong>llis</strong></span> <span class='ocrx_word' id='word_1_364' title='bbox 527 4313 754 4394; x_wconf 85' lang='lat' dir='ltr'><strong>praetermissis,</strong></span> <span class='ocrx_word' id='word_1_365' title='bbox 784 4313 972 4392; x_wconf 88' lang='lat' dir='ltr'><strong>omnipotens</strong></span> <span class='ocrx_word' id='word_1_366' title='bbox 1003 4325 1034 4374; x_wconf 92' lang='lat' dir='ltr'><strong>et</strong></span> <span class='ocrx_word' id='word_1_367' title='bbox 1056 4313 1222 4376; x_wconf 88' lang='lat' dir='ltr'><strong>misericors</strong></span> 
     </span>
     <span class='ocr_line' id='line_1_42' title="bbox 125 4405 1222 4494; baseline -0.002 -24"><span class='ocrx_word' id='word_1_368' title='bbox 125 4407 216 4490; x_wconf 89' lang='lat' dir='ltr'><strong>Deus,</strong></span> <span class='ocrx_word' id='word_1_369' title='bbox 235 4418 290 4494; x_wconf 80' lang='lat' dir='ltr'><strong>per</strong></span> <span class='ocrx_word' id='word_1_370' title='bbox 308 4407 550 4472; x_wconf 89' lang='lat' dir='ltr'><strong>intercessionem</strong></span> <span class='ocrx_word' id='word_1_371' title='bbox 569 4417 686 4470; x_wconf 88' lang='lat' dir='ltr'><strong>sanctae</strong></span> <span class='ocrx_word' id='word_1_372' title='bbox 706 4425 774 4468; x_wconf 88' lang='lat' dir='ltr'><strong>suae</strong></span> <span class='ocrx_word' id='word_1_373' title='bbox 794 4405 944 4489; x_wconf 85' lang='lat' dir='ltr'><strong>genitricis</strong></span> <span class='ocrx_word' id='word_1_374' title='bbox 954 4405 1066 4470; x_wconf 88' lang='lat' dir='ltr'><strong>Mariae</strong></span> <span class='ocrx_word' id='word_1_375' title='bbox 1086 4407 1222 4474; x_wconf 89' lang='lat' dir='ltr'><strong>dominae</strong></span> 
     </span>
    </p>
   </div>
   <div class='ocr_carea' id='block_1_2' title="bbox 0 0 1498 5094">
    <p class='ocr_par' dir='ltr' id='par_1_5' title="bbox 0 0 1498 5094">
     <span class='ocr_line' id='line_1_43' title="bbox 0 0 1498 5094; baseline 0 0"><span class='ocrx_word' id='word_1_376' title='bbox 0 0 1498 5094; x_wconf 95' lang='lat' dir='ltr'><strong> </strong></span> 
     </span>
    </p>
   </div>
  </div>
 </body>
</html>
