2890 5092
750 366 910 510 las*

212 647 218 662 x
245 585 435 648 Francorum.
472 583 535 644 Rex
554 597 678 660 namque
703 525 776 640 baeb
800 569 921 640 audiam
945 577 1034 638 iratus
1058 585 1103 638 eet
1126 575 1229 654 valde,
1254 587 1353 658 atque

246 677 402 761 indignans
421 676 490 752 boc,
508 673 601 736 missis
621 694 655 734 eu
673 670 845 734 satellitibus
864 670 921 732 suis
941 681 1043 732 contra
1064 689 1132 745 eos,
1160 670 1210 748 qui
1230 671 1353 752 sagaci-

246 781 398 851 tenetque
416 768 568 829 fiduciater
587 777 689 828 contra
709 785 760 826 eos
778 774 983 844 perrexerunt,
999 763 1118 843 praedia
1130 754 1353 843 pussessionem-

247 883 305 944 que
324 883 428 924 eornm
447 861 639 924 devastantes.
678 856 846 940 Thuriugbi
866 875 992 937 namque
1012 855 1117 917 timore
1138 855 1288 936 perterriti
1311 857 1351 918 ad

172 1025 177 1040 ,
246 973 353 1037 corpus
377 956 456 1016 beati
480 953 627 1015 Boniiacii
652 951 827 1032 martyris¹)
852 951 1078 1030 confugierunt,
1102 960 1136 1009 ut
1158 969 1214 1029 per
1239 952 1349 1010 merita

245 1050 523 1127 venerationemque
542 1045 631 1126 ipsius
642 1045 735 1104 sancti
753 1064 802 1104 rex
812 1043 991 1104 relaxaretur
1006 1042 1082 1102 iilius
1097 1063 1212 1118 noram,
1232 1043 1350 1118 dolum,

244 1141 422 1222 insidiasque
442 1160 515 1221 quae
534 1158 710 1220 praeparare
731 1137 829 1197 conati
849 1137 975 1198 fuerant.
1019 1135 1116 1196 Porro
1136 1147 1221 1219 pater
1238 1157 1350 1196 mona-

244 1233 328 1294 sterii
349 1233 427 1294 illius
451 1231 657 1293 consolabatur
680 1250 731 1290 eos
759 1229 856 1292 verbis
880 1229 1008 1309 pacificia
1028 1227 1179 1310 dulcisque
1198 1229 1348 1291 sermoni-

245 1323 310 1401 bus,
329 1345 383 1405 per
401 1326 592 1405 nuntiumque
611 1344 694 1384 suum
713 1322 857 1384 intimavit
876 1323 948 1384 baec
967 1321 1066 1383 omnia
1084 1323 1158 1405 regi.
1187 1324 1249 1384 Rex
1269 1343 1348 1404 ergo

246 1417 391 1480 distinavit
408 1419 445 1480 ad
465 1439 521 1480 eos
535 1418 662 1499 legatum
682 1437 775 1493 suum,
796 1428 837 1476 ut.
848 1418 884 1476 ad
903 1435 935 1476 se
951 1437 1016 1476 cum
1033 1435 1105 1496 pace
1124 1417 1274 1489 venirent3
1293 1417 1347 1496 qni
1434 1437 1435 1440 ¹

244 1531 313 1571 mox
331 1511 367 1572 ad
388 1532 453 1572 euru
474 1509 600 1590 proiecti
620 1521 697 1585 sunt,
717 1521 920 1590 steteruntque
941 1529 1040 1570 eoram
1060 1531 1141 1592 rege.
1175 1511 1238 1572 Rex
1257 1531 1346 1572 nem-

245 1600 303 1683 pbe
322 1601 523 1666 sciscitabatur
543 1601 578 1660 ab
601 1601 651 1676 eis,
671 1601 815 1666 sirenum
835 1623 872 1664 an
893 1601 997 1662 salsum
1017 1601 1128 1678 suisset,
1148 1605 1228 1682 quod
1248 1605 1277 1664 ei
1295 1604 1346 1662 iu-

243 1694 376 1755 timatum
395 1693 491 1756 suerat
510 1693 546 1754 de
566 1693 632 1768 iilis,
651 1695 764 1756 scilicet
782 1707 816 1755 ut
835 1695 871 1755 de
891 1705 986 1755 morte
1002 1687 1061 1758 eius
1072 1696 1248 1779 cogitarent,
1269 1707 1299 1756 et
1319 1696 1345 1756 si

244 1787 424 1848 constituere
443 1788 500 1847 nisi
519 1785 650 1864 fuissent,
669 1801 702 1848 nt
721 1789 804 1870 parvi
824 1789 993 1869 pendissent
1012 1791 1147 1850 mandata
1166 1788 1262 1852 iilius?
1293 1789 1345 1849 lili

243 1878 323 1939 euim
341 1879 425 1940 nullo
445 1878 534 1939 modo
560 1892 713 1960 poteraut,
742 1901 838 1962 neque
863 1881 1117 1964 condiguaveruut
1141 1881 1199 1942 boc
1223 1903 1344 1966 negare.

242 1970 504 2052 Fortunamque,
523 1991 613 2032 unum
634 1974 743 2034 exiliis
770 1973 871 2036 dixisse
891 1975 927 2034 ad
947 1995 1063 2057 regem:
1093 1975 1130 2035 Sa·
1152 1975 1276 2053 courkoe
1293 1999 1342 2038 eo-

242 2067 335 2143 cic'que
352 2070 407 2128 moi
424 2063 494 2126 milti
512 2069 673 2144 ementire,
690 2064 959 2145 comprobarentur,
984 2081 1016 2128 to
1039 2089 1194 2148 numquam
1212 2084 1344 2146 poetatu-

184 2199 188 2205 -
243 2153 312 2216 dean
328 2160 402 2218 odra
419 2157 535 2220 Βειιιιηι
545 2159 671 2240 fluvium
690 2163 814 2220 tronairo
831 2163 909 2220 vivus
922 2157 1145 2237 cognoscebam.
1179 2161 1245 2225 Rex
1257 2185 1343 2241 vero,

245 2251 382 2328 quoniam
403 2263 466 2312 erat
484 2252 650 2314 mitissimus
671 2263 760 2331 atque
779 2253 1007 2334 sapientissimus
1028 2275 1116 2334 super
1135 2275 1236 2318 omues
1254 2279 1344 2342 reges

198 2351 204 2366 ‘
243 2343 294 2421 qui
314 2343 434 2410 bierunt
453 2360 520 2408 aute
541 2367 606 2408 eum
626 2346 656 2404 in
667 2345 803 2420 Francia,
822 2345 1053 2408 moderatissime
1072 2347 1145 2408 iilud
1165 2351 1341 2431 deportavit

242 2433 410 2499 Transactis
429 2440 520 2523 igitur
539 2439 710 2519 quibusdam
731 2439 843 2515 diebus,
861 2438 1021 2500 transmisit
1039 2460 1090 2503 rex
1109 2440 1189 2520 ipsos
1208 2445 1342 2506 Thurin.

240 2548 295 2611 gos
315 2528 372 2592 uua
392 2553 457 2592 cnm
477 2533 569 2592 missis
588 2531 661 2605 suia,
686 2531 798 2612 aliquos
824 2533 855 2594 in
875 2533 989 2594 Italiam
1014 2546 1045 2596 et
1068 2535 1105 2594 ad
1128 2539 1339 2618 sancturuPe-

240 2631 328 2700 trum,
348 2624 487 2704 quosdam
506 2645 577 2687 vero
598 2624 629 2685 iu
648 2625 813 2688 Neustriam
833 2637 920 2706 atquc
940 2627 972 2686 in
990 2629 1177 2708 Equitauiam
1197 2629 1252 2713 per
1271 2655 1338 2696 cor-

240 2734 314 2794 pura
333 2729 516 2795 sauctorum,
545 2717 659 2782 scilicet
683 2729 716 2776 ut
738 2719 1063 2784 iurarent-fidelitatem
1086 2727 1152 2808 regi
1179 2727 1337 2808 liberisque

241 2806 317 2866 eius:
337 2810 417 2885 quod
437 2812 525 2870 etita
545 2821 640 2870 actum
660 2829 722 2870 esse
742 2811 952 2890 conprobatur.
994 2816 1055 2892 Qui
1068 2819 1173 2880 exinde
1184 2833 1337 2882 reverten-

240 2909 285 2957 teo
300 2899 441 2960 'nonnulii
461 2899 568 2961 exiliis
588 2901 701 2962 detenti
720 2903 838 2962 suntin
857 2905 913 2982 via,
933 2919 963 2967 et
983 2911 1074 2970 evulsi
1094 2932 1156 2974 esse
1176 2926 1337 2978 noscuntur

239 2989 319 3050 oculi
338 3011 453 3068 eorum;
473 2994 563 3076 aliqui
579 3015 649 3058 vcro
662 3009 862 3075 pervenerunt
881 2999 918 3060 ad
937 3001 1085 3066 civitatem
1096 3007 1336 3089 Wagtonumep
1362 3051 1364 3058 ·

239 3097 270 3146 et
288 3083 396 3146 ibidem
423 3087 626 3169 comprehensi
650 3100 733 3165 aunt,
763 3101 794 3151 et
818 3090 920 3152 exinde
946 3095 1069 3174 exiliati,
1102 3111 1133 3160 et
1155 3099 1226 3161 illuc
1245 3101 1336 3164 evulsi

239 3199 302 3242 esse
322 3193 541 3264 coguoscentur
561 3180 638 3243 oculi
657 3201 768 3242 corum.
800 3181 1004 3249 Possessioucs
1024 3211 1096 3253 vero
1109 3193 1156 3255 vei
1175 3213 1262 3275 agros
1283 3215 1336 3256 eu·
1439 3195 1440 3208 ¹

236 3294 302 3334 rum
322 3296 424 3336 omues
444 3273 568 3337 infiscati
587 3294 649 3335 esse
669 3287 839 3336 noscuntur.
878 3277 941 3338 Rex
960 3301 1033 3363 ergo
1053 3284 1161 3346 inlesus
1180 3299 1269 3367 atque
1288 3289 1334 3348 in·
1439 3337 1440 3342 1

237 3367 360 3428 columis
387 3388 578 3448 permanens,
607 3368 717 3449 optime
747 3389 853 3452 regens
884 3392 1008 3454 regnum
1028 3378 1218 3440 Francorum
1248 3392 1334 3462 atquc

235 3451 500 3534 Langobardorum
525 3459 801 3542 Romanorumque,
834 3485 871 3526 eo
905 3470 987 3546 quod
1011 3470 1164 3534 coelorum
1188 3493 1239 3534 rex
1263 3495 1332 3554 pro-

127 3609 130 3616 ,
234 3555 349 3653 tector·
362 3545 422 3646 ciue
452 3569 514 3610 esse
539 3551 761 3632 comprobatur:
793 3558 878 3618 etiam
909 3561 1040 3640 prefatus
1059 3567 1120 3644 'rex
1148 3569 1185 3628 ad
1211 3567 1332 3630 Romam

236 3650 372 3718 perrexit
771 3675 774 3682 ·

237 3775 433 3786 u--a-

278 3857 298 3912 ι)
313 3857 395 3904 naar.
420 3883 444 3912 ,-
471 3862 493 3909 a)
509 3861 608 3908 nurus.
1208 3836 1221 3866 “
