2900 5086
801 375 889 446 aaa

292 526 444 590 tulerunt:
477 547 595 592 necnon
617 515 647 610 et
667 554 800 615 censum,
824 539 871 600 vel
890 541 1062 622 pensionem
1086 563 1139 606 reu
1165 555 1280 611 ceteras
1309 547 1415 612 dona-

224 649 226 656 *
292 619 454 702 tiones¹),
486 643 561 702 quae
581 628 730 694 annuatim
750 629 781 692 in
805 631 920 694 Palatio
945 635 1037 718 Regis
1060 637 1338 722 Langobardorum
1367 645 1414 703 in-

289 711 363 774 ferri
382 714 534 792 solebant,
561 717 622 780 sive
644 720 680 780 de
701 723 823 801 Tuscia,
848 727 908 789 sive
929 729 965 790 de
984 729 1102 790 Ducatu
1121 730 1310 812 spoletano,
1330 737 1414 798 sicut

279 803 330 884 ⁸iu
352 809 555 889 suprascriptis
583 811 793 882 donationibus
821 821 1007 898 continetur,
1041 835 1071 884 et
1094 823 1172 884 inter
1191 839 1317 888 sanctae
1344 852 1434 918 me,

288 891 401 960 moriie
433 902 622 972 Hadrianum
645 906 754 988 Papam
786 923 816 970 et
840 912 982 974 Donatum
1015 909 1155 977 Carolum
1179 918 1434 1012 Imperatorem]

208 969 216 978 ,
290 993 440 1066 convenit,
460 985 578 1074 qua'ndo
598 998 675 1058 idem
696 1000 835 1064 Pontifex
855 1006 948 1068 eidem
970 1009 1005 1068 de
1025 1011 1198 1090 supradictis
1217 1013 1407 1094 Ducatibus,
1433 1049 1434 1102 q

288 1082 319 1144 id
341 1096 385 1146 est
405 1085 552 1165 Tuscano,
573 1103 603 1151 et
623 1091 802 1173 Spoletano,
821 1119 890 1160 suae
910 1102 1089 1164 auctoritatis
1108 1117 1303 1187 praeceptum
1326 1131 1404 1170 con·
1433 1103 1434 1158 l

287 1175 428 1254 firmavit,
460 1199 497 1240 co
523 1183 635 1246 scilicet
666 1188 774 1264 modo,
803 1202 836 1250 ut
860 1194 944 1254 annis
963 1195 1084 1279 singulis
1103 1199 1269 1278 praedictus
1294 1223 1403 1266 census

292 1267 329 1328 ad
349 1281 462 1350 partem
476 1273 626 1338 Ecclesiae
647 1279 739 1339 sancti
752 1281 835 1342 Petri
854 1286 1047 1365 persolvatur,
1066 1291 1145 1352 salva
1164 1313 1253 1373 super
1273 1298 1401 1363 eosdem

288 1359 419 1424 D‘ucetus
440 1377 540 1430 nostra
560 1369 591 1430 iu
612 1372 747 1434 omnibus
768 1375 985 1456 dominatione,
1013 1393 1042 1442 et
1065 1383 1185 1456 illorum
1205 1386 1241 1446 ad
1261 1403 1398 1453 nostram
1433 1409 1434 1424 ³

287 1465 401 1533 partem
421 1457 621 1546 subiectione,
655 1463 812 1528 Caeterum
832 1470 906 1531 sicut
926 1473 1056 1551 diximus,
1077 1479 1176 1538 omnia
1194 1485 1396 1564 suprascripta

230 1605 231 1612 χ
287 1549 408 1612 nomina
432 1549 473 1612 ita
500 1553 535 1612 ad
563 1568 688 1616 vestram
713 1571 825 1640 partem
850 1584 905 1642 per
928 1565 986 1626 hoc
1016 1581 1134 1630 nostrae
1159 1573 1394 1654 confirmationis

288 1651 405 1718 pactum
432 1643 704 1728 corroboravimus,
734 1664 767 1712 ut
791 1654 821 1712 in
842 1668 938 1717 vestro
960 1675 1151 1741 permancant
1168 1665 1249 1745 iure,
1279 1673 1392 1752 princi·
1433 1703 1434 1722 ι

285 1743 371 1810 patu,
403 1745 492 1816 atque
518 1738 647 1819 ditione3
679 1756 709 1805 et
728 1766 825 1826 neque
852 1750 990 1828 anobis,
1021 1775 1119 1834 neque
1139 1778 1155 1817 a
1174 1767 1390 1827 successoribus

284 1826 410 1904 nostris,
436 1849 492 1910 per
512 1835 667 1912 quodlibet
686 1852 888 1920 argumentum
909 1843 968 1904 sive
989 1847 1247 1932 machinationem,
1266 1857 1298 1916 in
1321 1881 1390 1939 qua·
1433 1885 1434 1926 3

286 1935 410 1996 cumque
431 1934 515 1999 parte
535 1937 630 1986 vestra
650 1939 778 2008 potestas
803 1934 1007 2016 imminuatur,
1032 1953 1082 2002 aut
1107 1945 1226 2008 avobis
1246 1949 1317 2012 inde
1337 1953 1389 2012 ali-

285 2007 356 2087 quid
375 2010 570 2075 subtrabatur.

340 2107 368 2168 6.
406 2103 454 2166 De
474 2105 561 2188 suprb
582 2111 665 2174 dictis
685 2135 755 2178 vero
776 2113 949 2200 provinciis,
969 2125 1106 2206 urbibus,
1127 2133 1307 2214 civitatibus,
1327 2161 1384 2220 op-

282 2192 371 2274 pidis,
391 2197 501 2275 castris,
520 2202 830 2286 viculis,territoriis,
850 2234 883 2274 ac
903 2218 1103 2299 patrimoniis,
1123 2246 1239 2288 necnon
1259 2242 1289 2288 et
1307 2253 1385 2310 pen-

282 2286 426 2366 sionibus,
446 2302 533 2372 atque
552 2299 696 2377 censibus,
716 2304 767 2363 sed
787 2305 885 2382 potius
905 2311 1013 2386 omnia,
1034 2335 1108 2394 quae
1127 2320 1258 2399 superins
1276 2321 1383 2405 legun-

281 2388 341 2457 tur,
359 2381 390 2442 id
412 2396 455 2444 est
474 2389 655 2466 provinciae,
675 2394 820 2474 civitates,
840 2399 943 2478 urbes,
964 2406 1114 2486 castellae,
1135 2413 1261 2492 oppida,
1279 2426 1382 2495 terrae,
1433 2461 1434 2464 =

185 2531 190 2548 .
267 2473 474 2552 patrimonia,
506 2490 593 2559 atque
621 2484 732 2546 insulae
764 2511 925 2573 censusque
949 2509 982 2558 et
1006 2501 1180 2580 pensiones,
1211 2508 1247 2567 ad
1272 2523 1380 2590 partem
1433 2555 1434 2558 =

280 2558 433 2628 Ecclesiae
461 2568 540 2630 beati
560 2573 642 2636 Petri
661 2577 800 2658 Apostoli
827 2597 914 2665 atque
934 2589 1112 2654 Pontificum
1138 2595 1169 2656 in
1193 2605 1379 2666 sacratissima
1433 2633 1434 2638 ¹

220 2695 222 2700 .
281 2655 360 2718 Sede
386 2659 463 2722 illius
489 2665 694 2746 residentium,
726 2693 780 2734 uos
814 2678 1011 2761 inquantum
1036 2707 1184 2764 possumus
1210 2692 1379 2760 defensores

283 2767 345 2808 csse
364 2762 534 2830 teneamur,
565 2760 601 2818 acl
626 2761 684 2822 hoc
708 2777 740 2822 ut
766 2787 828 2825 eam
855 2769 897 2828 illi
917 2772 1058 2837 ditionem
1079 2781 1115 2840 ad
1133 2785 1276 2848 utendum
1294 2803 1377 2871 atque

281 2838 497 2918 disponendum
517 2847 639 2909 firmiter
658 2853 774 2916 valeant
798 2859 950 2942 obtinere,
979 2869 1055 2930 salva
1082 2873 1111 2932 in
1139 2877 1274 2940 omnibus
1292 2895 1376 2962 potc-

246 2991 249 2998 .
280 2941 355 2991 state
375 2946 475 2998 nostra
496 2953 740 3026 posterorumque
760 2965 938 3034 nostrorum,
961 2967 1122 3026 secundum
1143 2973 1222 3048 quod
1239 2973 1269 3032 iu
1288 2987 1374 3054 pacto

282 3035 314 3084 et
333 3027 545 3092 constitutione
566 3055 599 3095 ac
619 3041 822 3117 promissionis
842 3048 978 3113 securitate
997 3058 1125 3140 Eugenii
1144 3063 1294 3127 Pontificis
1312 3091 1375 3132 suc·
1433 3133 1434 3136 ,

279 3137 484 3201 sessorumque
510 3125 586 3188 illius
613 3134 797 3214 continetur,
828 3153 857 3200 ct
883 3146 977 3227 omnis
999 3147 1103 3212 Cleru's
1124 3166 1155 3214 et
1174 3159 1299 3220 universi
1319 3185 1373 3243 po-

279 3209 342 3290 puli
353 3212 483 3276 Romani
499 3219 638 3286 nobilitas
658 3241 782 3308 propter
803 3233 927 3297 diversas
947 3229 1143 3323 necessitates,
1163 3261 1193 3309 et
1202 3251 1372 3316 Pontificum

277 3303 494 3370 irrationabiles
516 3333 586 3395 erga
605 3321 748 3399 populum
766 3325 822 3385 sibi
841 3327 1004 3394 subiectum
1025 3341 1197 3418 asperitates
1217 3350 1371 3408 retunden-

277 3394 327 3454 das
351 3416 534 3465 sacramento
560 3429 592 3470 se
618 3411 749 3495 obliget,
779 3432 920 3497 quatenus
945 3425 1041 3498 futura
1065 3433 1243 3498 Pontificum
1270 3441 1369 3503 electio

278 3499 418 3566 quantum
438 3495 663 3580 uniuscuiusque
682 3506 848 3586 intellectus
869 3515 973 3595 fuerit,
1005 3527 1147 3588 canonice
1174 3541 1203 3589 et
1222 3531 1369 3612 installat,

277 3588 308 3637 et
331 3591 365 3639 ut
388 3583 456 3660 ille,
486 3590 536 3668 qui
556 3593 591 3652 ad
611 3593 668 3680 hoc
688 3614 818 3662 sanctum
838 3609 970 3692 regimen
993 3614 1132 3698 eligetur,
1162 3625 1283 3688 nornine
1302 3650 1369 3690 con-

274 3671 420 3735 sentiente
447 3698 633 3772 consecratus
658 3691 708 3750 fiat
733 3695 887 3776 Pontifex,
922 3705 1090 3787 prinsquam
1116 3714 1207 3776 talem
1232 3719 1263 3778 iu
1289 3743 1368 3802 prae-

273 3764 368 3825 sentia
394 3767 549 3837 Missurum
573 3781 621 3842 vel
647 3785 799 3848 universae
820 3792 1070 3882 Generalitatis³)
1092 3805 1179 3868 faciat
1203 3815 1365 3890 promissio-

272 3878 342 3918 nem
356 3856 418 3941 ‘pro
439 3867 569 3930 omnium
589 3876 799 3958 satisfactione,
820 3903 853 3944 ac
874 3886 970 3950 futura
990 3901 1230 3980 conservatione,
1256 3908 1364 3986 qualem

272 3951 408 4016 Domnus
429 3965 459 4015 et
477 3969 658 4032 venerandus
676 3973 831 4053 spiritualis
847 3977 934 4041 Pater
953 3998 1054 4049 noster
1066 3990 1129 4053 Leo
1146 4009 1253 4074 sponte
1269 3999 1365 4065 fecisse

218 4053 223 4062 '
275 4045 479 4129 dignoscitur·
1069 4101 1072 4106 ·

329 4147 357 4208 7.
396 4142 552 4209 Praeterea
579 4151 634 4214 alia
658 4159 772 4224 minora
798 4135 865 4227 liuic
891 4172 975 4249 operi
1007 4175 1193 4243 inserendum
1224 4189 1362 4268 praevidi·

274 4281 474 4302 Μ

313 4351 323 4382 ¹
347 4349 515 4404 ustulationes.
542 4381 567 4392 ·-
594 4360 617 4414 ²)
633 4359 670 4404 Al.
684 4361 828 4424 gentilitatis,
843 4371 860 4417 i.
876 4387 898 4420 e.
912 4376 1047 4426 nobilitatis.
