2900 5086
615 333 703 430 aba

81 527 226 604 now).
276 525 450 606 Constipata
471 524 611 586 exercitus
635 525 783 586 ordinatio
808 536 838 586 et
861 527 1005 588 unanimis
1029 525 1205 590 bellatorum

81 620 251 682 fortitudo
270 639 378 702 magno
397 619 473 679 solet
491 617 624 679 hostibus
645 641 707 679 esse
727 619 849 679 terrori:
876 619 918 679 sic
938 619 1065 680 filiorum
1085 633 1204 682 sanctae

81 713 205 774 matris
229 712 377 790 Ecclesiae
402 711 477 770 intra
501 733 615 770 murum
637 710 808 772 Catholicae
832 685 901 772 fidei
922 711 1043 792 pacifica
1064 716 1202 775 adunatio

82 806 197 866 ειὸιείε
217 784 406 886 potestatibus
426 804 548 864 nimium
568 806 683 864 constat
701 804 856 881 terribilis,
886 817 917 866 et
934 806 1035 888 ignitis
1055 807 1203 888 malignae

82 898 243 978 perfidiae
262 897 378 978 spiculis
399 898 521 957 omnino
540 892 771 976 impenetrabilis
793 909 907 975 exstat,
916 899 990 959 sicut
1002 911 1031 958 et
1042 899 1203 958 verissimus

84 991 247 1050 Gentium
270 990 456 1069 praedicator
480 1002 510 1049 et
534 989 707 1052 fortissimus
732 989 881 1050 Ecclesiae
906 991 1064 1070 praeliator
1088 990 1204 1071 praeci-

83 1084 158 1164 pit,
193 1084 307 1144 diceus:
346 1083 388 1150 Ire
410 1081 538 1144 omnibus
560 1099 698 1144 summes
720 1085 830 1143 soattmia
852 1082 939 1160 fidei,
962 1089 994 1144 in
1016 1107 1073 1164 qqo
1087 1087 1207 1160 possitis

82 1180 199 1238 όηιιιίιι
217 1177 274 1239 telo
292 1176 467 1254 Nequissimi
485 1179 577 1252 ignito
595 1179 819 1254 exanguem),
834 1239 839 1256 Ι
852 1187 882 1236 et
906 1178 963 1239 hoc
982 1177 1128 1240 saeculum
1148 1198 1202 1236 ne·
1289 1171 1294 1190 '

86 1291 189 1349 quam
209 1268 304 1329 libero
325 1270 361 1328 ad
382 1269 515 1328 caelestia
535 1268 634 1329 volatu
655 1270 788 1332 evadere.
831 1269 980 1350 Sinopide
999 1271 1077 1330 enim
1096 1274 1204 1354 impos·

84 1357 183 1424 sahile
201 1377 242 1420 ast
255 1363 374 1438 placere
393 1361 514 1441 Deo⁶):
547 1362 727 1442 impossibile
748 1373 807 1437 est,
834 1363 915 1442 quod
940 1363 1062 1424 omnino
1089 1362 1125 1421 ab
1146 1363 1203 1428 ho-

16 1503 18 1512 s
84 1454 180 1514 mine
201 1455 265 1514 lieri
284 1476 346 1515 uon
365 1466 472 1535 potest
510 1455 692 1536 Principium
714 1465 758 1516 est
776 1455 873 1519 salutis
894 1468 1010 1516 nostrae
1027 1455 1125 1546 Fides,
1146 1475 1202 1532 qua

16 1571 20 1586 ·
86 1551 273 1608 intemerata
293 1562 323 1608 et
342 1549 456 1630 integra
476 1551 599 1610 sanitate
619 1536 804 1623 conlirmata,
823 1549 913 1610 totius
932 1549 1008 1612 vitae
1030 1568 1128 1610 cursus
1148 1567 1202 1624 per

86 1643 248 1702 bonorum
267 1641 391 1724 vestigia
412 1663 533 1721 operum
553 1641 679 1702 feliciter
698 1641 756 1700 fine
780 1653 867 1702 tenus
890 1641 990 1702 currit.
1032 1641 1094 1700 Per
1107 1637 1203 1719 fidem

90 1736 179 1796 enim
199 1735 290 1814 (sicut
308 1733 385 1806 idern
405 1733 552 1812 praefatus
572 1729 725 1794 Doctor
715 1756 747 1793 ιιι
773 1733 898 1815 epistola
922 1737 959 1796 ad
978 1735 1130 1795 Hebraeos
1155 1742 1201 1791 te-

90 1828 207 1905 statur)
227 1847 324 1888 omnes
341 1829 434 1886 sancti
446 1827 621 1902 placuimus
638 1827 704 1888 Deo
714 1831 756 1908 ⁷2).

54 1939 59 1945 ·
156 1921 243 1980 Hanc
267 1921 359 2001 igitur
381 1919 483 1978 Fidem
510 1918 713 1982 Orthodoxam
738 1934 768 1982 et
792 1923 828 1984 ab
856 1912 1035 2002 Aposlolicis
1061 1922 1199 1982 traditam
1251 1954 1258 1964 ·
1290 1907 1291 1912 ἵ

84 2014 300 2088 Ductoribus,
327 2025 358 2072 et
377 2013 413 2072 ab
434 2013 589 2074 universali
609 2027 751 2075 servatam
770 2017 917 2091 Ecclesia,
945 2037 1000 2076 nos
1021 2037 1076 2095 pro
1096 2014 1201 2074 virium

92 2121 265 2173 nostrarum
290 2105 429 2186 portione
455 2105 601 2186 ubique‘
592 2129 623 2164 ιιι
656 2108 791 2166 omnibus
822 2129 937 2168 servare
973 2120 1003 2168 et
1031 2099 1201 2188 praedicare

94 2202 287 2264 confitemur:
308 2199 374 2277 quia
395 2220 456 2268 non
478 2201 570 2260 estin
591 2199 647 2259 alia
666 2199 763 2278 aliqna
783 2201 874 2275 salus,
899 2200 954 2280 nisi
973 2201 1004 2260 in
1025 2200 1090 2276 illa,
1115 2221 1201 2280 quam

93 2294 219 2376 pacifica
246 2293 282 2352 ab
310 2293 395 2352 initio
425 2293 523 2352 salutis
554 2303 671 2352 nostrae
702 2294 892 2354 unanimitate
923 2313 1038 2374 semper
1068 2291 1203 2350 servabat

93 2385 239 2448 Ecclesia.
278 2385 339 2444 Pro
361 2407 416 2463 qua
438 2386 539 2460 etiam,
566 2385 630 2444 Viri
652 2385 769 2462 iratres,
795 2398 825 2445 et
843 2400 938 2448 vestra
966 2389 1045 2447 bona
1071 2381 1208 2456 devotio,

96 2469 185 2559 quarn
205 2498 260 2538 nos
279 2477 389 2536 habere
409 2479 494 2538 decet
513 2479 543 2537 in
560 2479 702 2554 Domino,
721 2477 764 2536 his
784 2479 914 2558 partibus
934 2479 1002 2539 fidei
1021 2489 1133 2540 vestrae
1153 2475 1201 2534 lit-

95 2587 177 2634 teras
207 2571 335 2652 dirigere
356 2571 534 2649 curastis⁸),
570 2591 676 2650 nempe
701 2571 737 2630 ad
763 2573 916 2654 generales
947 2575 984 2633 ad
1009 2569 1201 2632 sanctissimas
1266 2603 1268 2610 ι

98 2679 193 2740 aures,
213 2665 249 2724 ad
261 2685 315 2724 nos
331 2685 449 2743 quoque
468 2663 623 2744 speciales:
643 2665 674 2722 in
697 2686 817 2743 quarum
837 2666 938 2745 utique
958 2665 1033 2726 serie
1052 2663 1202 2721 literarum

16 2817 17 2820 ,
98 2759 248 2818 nonsatis
268 2757 354 2816 nobis
375 2757 525 2830 elucebat,
550 2778 586 2818 an
609 2757 690 2836 quasi
710 2779 757 2816 ex
768 2759 941 2818 auctoritate
947 2755 1124 2840 magisterii
1148 2773 1200 2813 vos

99 2860 196 2912 vestra
222 2849 330 2908 docere
358 2847 555 2926 disposuistis,
587 2870 624 2906 an
650 2871 683 2907 ex
708 2850 877 2911 humilitatis
903 2852 1076 2932 discipulatu
1100 2859 1201 2908 nostra
1278 2897 1289 2914 ,

100 2943 212 3004 discere
233 2939 415 3000 desideratis:
441 2951 540 3000 tamen
559 2941 619 3001 sive
640 2942 739 3001 hoc
716 2964 776 3002 sive
796 2943 869 3002 illud
888 2945 991 3004 vestris
1010 2924 1133 3002 inesset
1138 2940 1201 2998 ani·
1268 2999 1271 3008 Ι

101 3035 174 3110 mis,
193 3033 367 3113 petitionem
387 3045 528 3107 vestram,
548 3033 666 3092 caritate
688 3033 871 3094 Christianae
891 3035 1043 3115 religionis
1059 3038 1201 3120 cogente,

101 3147 163 3200 nou
181 3127 374 3204 spernendam
396 3145 457 3186 esse
486 3125 666 3201 censuimus,
697 3125 782 3186 valde
804 3127 1015 3202 desiderantes,
1044 3127 1199 3202 Deumque

103 3243 150 3280 en
147 3219 256 3278 intimo
278 3219 373 3278 cordis
393 3219 502 3278 alsoctu
522 3219 723 3298 deprecantes,
744 3231 885 3314 quatenus
905 3222 936 3279 in
955 3240 1042 3280 verae
1062 3216 1130 3276 fidei
1149 3236 1200 3275 so-

102 3312 212 3373 liditate
241 3310 363 3371 firmiter
386 3311 533 3390 utrimque
558 3331 789 3392 permaneamus,
808 3323 911 3380 contra
923 3312 1096 3392 fluctivagos
1114 3307 1198 3366 huius

103 3407 206 3470 saeculi
225 3417 334 3478 aestus,
355 3404 467 3483 Spiritu
486 3403 597 3464 Sancto
617 3404 764 3485 navigium
784 3405 873 3465 vestri
893 3427 990 3464 cursus
1008 3391 1144 3488 regenie,
1163 3401 1200 3462 ad

103 3514 217 3584 portum
237 3509 396 3579 perpetuae
416 3497 633 3576 tranquillitatis
653 3497 808 3576 pervenire
827 3519 1000 3558 mereamur.

147 3600 185 3660 ,3.
224 3593 271 3652 Ad
290 3589 365 3650 hanc
383 3589 625 3669 tranquillitatem
646 3591 816 3670 capiendam
831 3592 938 3673 ⁸oculus
959 3589 1054 3651 cordis
1072 3589 1129 3650 fide
1142 3611 1198 3669 pu-

106 3687 255 3750 rificandus
283 3694 339 3758 est,
366 3695 396 3742 et
420 3683 536 3742 assiduis
560 3671 723 3744 sanctarum
749 3685 915 3744 orationum
940 3685 1074 3764 precibus
1093 3682 1206 3744 mentis

16 3835 17 3838 ,
107 3783 177 3844 acies
196 3777 381 3850 illustranda,
410 3787 443 3835 ut
461 3797 551 3856 purae
571 3777 700 3837 veritatis
720 3776 835 3851 lumen,
866 3776 946 3837 omni
967 3798 1099 3838 errorum
1121 3776 1198 3834 nube

51 3918 55 3928 .
108 3874 229 3954 expulsa,
262 3869 455 3950 contemplari
480 3870 590 3945 valeat,
621 3889 658 3928 ne
683 3869 715 3927 in
741 3868 917 3948 oppiniones
942 3871 1045 3930 noxiae
1066 3867 1198 3935 salsitatis

107 3966 246 4026 temeritas
266 3965 432 4024 inordinata
452 3963 592 4024 incautius
612 3961 783 4042 gradientes,
795 3961 977 4042 praecipitet.
1008 3964 1077 4022 Non
1090 3961 1199 4038 pudeat

111 4058 315 4131 Christianum,
344 4055 394 4114 ubi
415 4055 552 4130 haesitat,
573 4075 726 4134 quaerere;
754 4055 807 4115 uhi
826 4057 946 4130 nesciat,
966 4055 1091 4114 discere:
1122 4041 1200 4130 quo-¹

110 4144 179 4210 niam
202 4150 250 4228 pia
276 4147 421 4206 humilitas
446 4148 577 4208 discendi
600 4148 758 4228 sapientiae
782 4149 872 4210 int'rat
890 4161 1016 4208 secreta:
1046 4158 1076 4206 et
1094 4145 1198 4220 melius

112 4256 167 4318 est,
189 4239 361 4321 discipulum
381 4259 443 4300 esse
467 4240 613 4314 veritatis,
638 4229 730 4322 quam¹
744 4241 896 4302 doctorem
916 4241 1037 4300 existere
1057 4239 1198 4301 falsitatis.

113 4338 161 4398 Ille
178 4337 212 4398 ad
232 4336 336 4398 altiora
356 4353 470 4413 semper
490 4333 677 4414 provehitur,
706 4334 756 4396 ille
784 4335 820 4396 ad
844 4333 986 4396 inferiora
1010 4353 1126 4416 semper
1145 4335 1197 4398 de-
