2908 5094
549 731 550 739 ι
616 700 688 770 LX.
1064 763 1068 772 .

287 825 531 885 mmmorr
557 823 746 895 Episcopi
768 825 989 902 umentis
1150 905 1153 912 Ι

126 995 129 1004 ,
188 935 221 986 ad
239 931 385 1002 Episcopus
403 929 530 1036 quosdam
546 925 672 980 Francius
690 929 794 997 epistola
813 929 845 980 de
864 929 956 983 ordine
974 927 1082 984 Palatii¹
1087 934 1108 1002 ).

571 1063 719 1074 ...ι--α

270 1125 443 1219 Hincmarus
463 1157 626 1236 Episcopus
654 1177 688 1216 ac
708 1154 804 1236 plebis
823 1155 882 1214 Dei
900 1107 1030 1220 famulus.
1087 1155 1107 1228 ,’

157 1301 184 1362 Ι.
223 1301 284 1360 Pro
305 1299 412 1368 aetatis
425 1310 456 1359 et
474 1299 548 1359 sacri
569 1298 690 1359 Ordinis
711 1296 899 1378 antiquitate,
927 1303 1105 1378 posteriores
1123 1313 1199 1362 tcm—
1213 1307 1217 1314 ’

93 1413 185 1474 pore,
205 1368 279 1452 boni
298 1405 329 1453 et
346 1393 490 1474 sapientes
510 1393 582 1468 viri,
606 1392 717 1472 rogatis
742 1391 929 1476 exiguitatem
954 1412 1063 1470 meam,
1096 1409 1129 1456 ut
1149 1397 1201 1480 qui

33 1519 37 1530 ·
93 1487 226 1569 negotiis
245 1469 458 1547 Ecclesiasticis
473 1497 503 1546 et
519 1484 671 1559 Palatinis,
687 1483 826 1564 quando
817 1507 848 1543 m
862 1485 1064 1566 amplitudine,
1085 1499 1114 1548 et
1132 1491 1200 1566 uniss

91 1592 157 1641 tate
178 1579 264 1662 regni
284 1601 426 1690 prospere
447 1579 620 1662 agebantur,
640 1577 771 1654 interlui,
792 1578 965 1654 etconsilia,
979 1577 1200 1688 doctrinamque
1244 1640 1246 1644 .

91 1673 225 1748 illorum,
246 1671 296 1752 qui
316 1685 446 1732 sanctam
465 1671 656 1734 Ecclesiam
646 1693 678 1754 ιιι
697 1671 851 1731 sanctitate
877 1683 907 1731 et
926 1667 1035 1733 iustitia
1053 1687 1201 1782 rexerupt,

92 1768 146 1828 sed
168 1777 199 1825 et
219 1785 333 1843 eorum,
353 1787 403 1845 qur
394 1764 600 1825 'soliditatem
619 1764 705 1846 regni
717 1777 860 1844 tempore
876 1765 1021 1846 superiori
1033 1767 1201 1874 prosperius

92 1861 319 1940 disposuerunt,
344 1845 459 1931 audivi;
486 1880 611 1938 quorum
640 1857 810 1940 magisterio
839 1853 1029 1923 traditionem
1057 1860 1201 1919 maiorum

92 1975 215 2014 suorum
235 1949 338 2010 didici:
360 1962 429 2030 post
448 1951 563 2011 obitum
583 1950 669 2010 etiam
689 1951 814 2034 meini
832 1949 992 2012 Hludovici
1010 1951 1201 2032 Imperatoris

91 2047 123 2106 in
145 2065 250 2106 eorum
271 2043 427 2122 obsequio,
448 2043 498 2124 qui
518 2063 573 2122 pro
593 2041 720 2124 filiorp'm
739 2046 801 2106 eius
825 2057 896 2106 tunc
919 2045 1060 2126 temporis
1084 2047 1201 2130 Regum

93 2151 267 2201 nostrorum
288 2135 449 2196 eoncordia
469 2145 655 2216 sategerunt,
679 2159 734 2216 pro
759 2139 881 2200 modulo
907 2161 974 2201 meo
994 2139 1200 2218 frequentibus

91 2231 260 2308 itineribus,
279 2227 388 2303 verbis,
408 2239 439 2287 et
457 2227 573 2307 scriptis
593 2225 727 2288 laboravi
752 2231 790 2290 ad
816 2231 1033 2292 institutionem
1053 2233 1134 2294 istius
1153 2233 1201 2291 iu-

89 2326 177 2388 venis
201 2335 231 2383 et
253 2321 390 2384 moderni
408 2321 499 2403 Regis
524 2319 634 2396 nostri,
665 2331 695 2379 et
721 2322 758 2382 ad
782 2325 997 2382 reerectionem
1021 2325 1145 2384 honoris
1170 2335 1201 2384 et

92 2417 177 2511 pacis
196 2415 358 2490 Ecclesiae,
379 2435 412 2474 ac
430 2414 517 2496 regni
531 2413 666 2474 ordinem
678 2415 915 2490 ecclesiasticum,
936 2427 965 2476 et
978 2415 1201 2494 dispositionem

92 2500 200 2572 domus
219 2508 319 2616 regiae
338 2505 369 2565 in
389 2525 472 2566 sacro
492 2505 618 2586 palatio,
639 2505 713 2568 sicut
732 2506 829 2569 audivi
849 2519 879 2568 et
897 2507 965 2584 vidi,
991 2509 1201 2586 demonstrem,
1233 2563 1238 2583 ,

92 2616 238 2686 quatenus
258 2601 290 2659 in
310 2599 441 2660 novitate
460 2621 511 2660 sua
536 2619 570 2658 ea
595 2599 729 2659 doctrina
753 2602 916 2677 imbuatur,
941 2611 974 2660 ut
997 2601 1029 2660 in
1055 2599 1226 2684 regimine'

91 2719 180 2781 regns
172 2695 267 2754 'Deo
288 2683 416 2788 placere,
436 2703 467 2753 et
485 2693 516 2752 in
537 2693 593 2753 boc
613 2693 730 2754 saeculo
743 2693 872 2756 feliciter
883 2715 1020 2775 regnare,
1041 2697 1117 2756 etde
1130 2715 1199 2802 pre-

92 2791 170 2852 senti
188 2807 284 2896 regno
305 2788 341 2848 ad
361 2798 512 2847 aeternum
530 2785 627 2847 valeat
646 2789 812 2866 pervenire
857 2784 1068 2870 Experimento
1090 2789 1200 2870 quippe

93 2881 311 2966 cognoscimus,
332 2879 399 2958 quia
418 2901 468 2940 vas
488 2900 614 2955 novum,
635 2900 694 2958 quo
715 2882 795 2960 prius
815 2902 919 2961 sapore
940 2889 976 2941 et
990 2881 1085 2942 odore
1102 2880 1200 2943 imbu-

92 2988 155 3036 tum
176 2974 276 3049 suerit,
298 2971 401 3032 illud
392 2994 424 3031 ιιι
444 2983 593 3052 posterum
615 2971 664 3032 diu
683 2975 840 3050 retinebit,
864 2975 940 3034 sicut
965 2987 995 3034 et
1015 2975 1133 3053 quidam
1153 2993 1199 3035 sa-

92 3069 176 3149 piens
197 3067 280 3138 dicit:
316 3063 380 3149 (loo
403 3065 490 3125 amuel
512 3079 553 3145 est
583 3063 691 3125 imbuto
715 3086 814 3124 recem
841 3064 964 3125 sonabit
988 3065 1104 3125 odorem
1128 3079 1200 3126 testo
1292 3116 1294 3125 ,

92 3160 151 3222 dtu.
189 3161 231 3221 Et
249 3158 385 3241 legimus,
405 3160 556 3240 quomodo
573 3157 741 3218 Alexander
755 3157 786 3216 in
804 3158 928 3238 pueritia
949 3157 1051 3217 babuit
1070 3157 1199 3217 baiulum

92 3256 215 3315 nomine
235 3251 412 3332 Leonidem,
432 3251 525 3314 citatis
544 3251 686 3326 moribus,
707 3262 737 3311 et
756 3242 958 3330 incomposito
977 3251 1092 3311 incessu
1111 3262 1198 3312 note·
1224 3261 1230 3296 ‘-

93 3347 201 3424 bilem,
222 3363 298 3426 quae
317 3361 409 3422 puer,
428 3343 509 3422 quasi
527 3345 572 3405 lac
593 3343 787 3403 adulterinum
807 3361 931 3424 sugens,
953 3341 989 3412 ab
1011 3349 1050 3404 eo*
1067 3344 1198 3425 sumpsit.
1262 3337 1268 3345 ⁸

92 3438 211 3508 Unde
201 3459 233 3498 m
253 3435 350 3498 adulta
371 3445 466 3494 aetate
486 3437 610 3516 sapiens
628 3448 658 3496 et
681 3458 732 3498 rex
756 3435 840 3498 sortis
865 3453 896 3495 se
920 3435 1015 3516 ipsum
1035 3439 1197 3520 repreben-

95 3533 194 3610 debat,
215 3543 245 3592 et
263 3532 356 3594 'vitare
375 3527 511 3595 volebat:
530 3529 592 3607 sed,
611 3543 657 3591 ut
663 3529 781 3614 legitur,
803 3543 867 3592 cum
888 3529 997 3590 omnia
1005 3550 1097 3614 regna
1116 3531 1197 3593 vice-

92 3623 140 3702 rit,
159 3625 192 3687 in
211 3623 269 3686 boc
288 3645 320 3686 sc
340 3625 435 3706 ipsum
453 3622 571 3686 vincere
591 3644 654 3684 non
674 3625 780 3706 potuit.
911 3679 913 3682 .
955 3635 958 3644 ’

148 3719 190 3780 11.
230 3717 418 3802 Intellegat'
408 3719 500 3802 agitur
518 3716 664 3778 Dominus
684 3717 756 3794 Rex,
775 3719 812 3779 ad
833 3719 913 3796 quod
925 3713 1057 3776 ollicrum
1070 3728 1113 3777 est
1124 3739 1197 3800 pro
1268 3745 1273 3760 ι

93 3824 207 3888 vectus,
227 3824 258 3874 et
278 3811 419 3872 obaudiat
439 3801 701 3872 commonitionem
722 3823 809 3891 atque
830 3809 1087 3891 comminationem
1095 3813 1197 3892 Regis

95 3903 209 3988 Regum
229 3897 358 3966 dicentis
386 3903 414 3963 ei
440 3925 506 3969 cum
531 3903 593 3963 aliis
617 3903 751 3986 regibus:
795 3901 838 3961 Et
861 3925 938 3962 nunc
960 3925 1061 3981 reges,
1091 3905 1194 3992 inquit,

95 3998 262 4075 intellegite,
293 3995 457 4072 mdimim',
488 3999 539 4078 qui
562 3995 696 4056 iudicetis
718 4009 834 4056 manu.
878 3997 988 4056 Seroite
1012 3993 1141 4054 Domino
1164 3995 1210 4052 iss*
1242 4043 1245 4051 s

96 4091 210 4153 timore:
235 4105 262 4151 et
285 4091 413 4152 aeliota
440 4093 468 4150 ei
490 4112 555 4152 mun
578 4103 707 4153 mensore.
760 4089 978 4166 Apprelcendite
1002 4085 1194 4163 disciplinam,

94 4201 129 4242 ne
145 4183 262 4264 quondo
281 4188 426 4245 trasconis
445 4185 601 4258 Dorulaus,
622 4195 649 4241 et
662 4186 788 4262 peroraro
806 4183 842 4245 ds
859 4174 908 4244 sio
922 4189 1015 4242 iusta:
1034 4178 1195 4239 sicutmul-

98 4403 157 4524 ¹¹¹¹)
173 4403 233 4464 opp
248 4405 285 4452 sd
298 4401 353 4449 Joe.
368 4402 534 4460 sirmondi,
561 4400 765 4458 Pario1645‚fol
789 4402 1048 4476 vol.11,p.201sqq
1066 4395 1194 4454 Walter,

153 4473 225 4516 'lor-
230 4475 282 4517 772.
