2908 5094
762 361 935 488 sss¹

258 553 507 660 cboummriptlrm
527 595 589 638 esse
608 575 752 652 volumus,
770 569 909 638 videlicet
924 573 962 636 ab
976 573 1065 635 Albia
1079 569 1201 637 tombs
1214 571 1374 634 deorsum

255 693 348 754 nsque
367 673 403 733 ad
422 689 502 733 mere
522 671 691 745 Oceanum,
715 680 746 730 et
768 689 866 730 rursus
888 685 945 748 per
969 687 1088 730 omnem
1107 666 1262 732 Slarorurn
1282 686 1370 747 pro-

136 735 151 804 <
231 765 379 830 ‘vineism
403 783 496 845 nsque
520 763 558 824 nd
583 781 664 826 mure
691 763 770 844 qnod
796 761 950 824 Orientale
974 772 1099 838 vocent,
1121 774 1155 824 et
1178 780 1233 844 per
1252 779 1370 822 omnes

172 921 179 938 x
256 858 417 940 praedictas
435 853 573 918 nationes
590 853 847 938 septentrionalis.
886 855 999 918 Omnes
1012 873 1132 936 quoqne
1146 853 1370 936 puludesinstn

254 950 315 1013 site
334 951 412 1011 iuxta
431 949 548 1012 tttbtan
567 949 688 1031 positas,
707 943 798 1012 eirltas
818 959 849 1010 et
866 949 1000 1024 incultas,
1018 947 1096 1009 inira
1113 948 1257 1010 terminos
1277 947 1369 1007 cius-

256 1045 324 1106 dem
350 1043 507 1124 parochiae
532 1045 679 1126 ponimns3
702 1056 737 1104 ut
760 1041 967 1104 Transalbiani
993 1061 1024 1102 se
1048 1051 1080 1102 et
1103 1063 1154 1102 sua
1173 1041 1210 1102 ab
1236 1039 1368 1101 incursu

220 1181 225 1194 .
254 1135 454 1219 Pugnorum,
473 1135 523 1218 qui
542 1157 630 1218 saepe
648 1133 874 1212 timendus'est‚
899 1136 1026 1198 secorius
1045 1135 1077 1196 in
1097 1136 1140 1196 his
1160 1133 1234 1198 loeis
1253 1133 1367 1196 occul-
1445 1220 1454 1233 .

23 1245 28 1278 ¹
117 1297 120 1308 q
254 1242 318 1292 tare
338 1242 456 1312 queant.
492 1232 532 1291 Et
551 1242 584 1291 nt
602 1231 675 1292 baec
694 1247 772 1290 noua
794 1230 976 1292 constructio
995 1229 1168 1310 periculosis
1192 1228 1224 1289 in
1244 1228 1288 1289 bis
1309 1226 1365 1288 lo-

255 1323 297 1414 cis
322 1333 427 1405 coepto
450 1323 607 1386 subsistere
631 1323 741 1399 ualeat,
767 1323 913 1404 quaedem
939 1322 1042 1384 cellam
1071 1320 1198 1385 Tutela
1221 1333 1364 1383 vocatam

253 1427 314 1478 tarn
333 1418 400 1478 buie
419 1437 517 1480 nosse
536 1418 766 1494 constructioni,
790 1435 876 1499 quam
894 1416 1121 1499 Archiepiscopi
1139 1433 1364 1477 successorem·-

175 1495 180 1512 ”
254 1529 312 1590 que
330 1530 449 1572 suorum
468 1511 500 1572 io
519 1511 657 1594 gentibue
676 1510 820 1595 legationi
839 1511 1011 1592 perenniter
1029 1510 1216 1585 restituam,
1241 1509 1277 1568 ad
1297 1525 1363 1569 no-

251 1613 340 1667 strum
360 1616 538 1684 nostraeque
556 1604 668 1666 sobolis
687 1615 860 1688 perpetuam
879 1605 1047 1666 mercedem
1067 1603 1182 1667 divinae
1200 1600 1362 1664 ollerimus

250 1695 405 1756 maiestati.
443 1695 587 1758 Homines
607 1717 727 1780 quoqne
746 1697 797 1779 qni
816 1697 946 1760 eiusdem
966 1695 1057 1762 cellae
1078 1695 1223 1758 beneficia
1242 1693 1359 1758 bebere

251 1788 403 1866 ridentur,
425 1789 465 1850 ab
490 1790 572 1852 omni
591 1791 778 1871 expeditione
801 1790 849 1852 vel
868 1790 971 1852 militia
995 1791 1056 1852 sire
1076 1789 1207 1871 qualibet¹
1225 1807 1359 1870 occupa·

140 1899 144 1910 ’
251 1881 337 1944 tione
360 1881 551 1960 absolvimus,
579 1896 613 1945 ut
635 1883 713 1946 idem
736 1883 912 1946 venerabilis
936 1872 1104 1968 Episcopus
1129 1878 1166 1944 ad
1190 1882 1267 1943 bene
1285 1881 1358 1942 Deo

252 1974 370 2059 dignam
395 1977 594 2058 peragendam
619 1975 651 2037 in
680 1977 803 2059 provisis
827 1977 1010 2060 temporibus
1035 1976 1216 2060 legationem
1240 1971 1357 2036 nullum

132 2125 138 2142 ,
251 2068 284 2130 ιι
304 2069 362 2130 hoc
380 2070 510 2150 patiatur
527 2069 779 2152 impedimentum.
817 2069 908 2132 Dona
927 2091 999 2136 vero
1020 2089 1095 2150 quae
1116 2070 1263 2132 eseadem
1277 2069 1357 2132 cella

252 2164 361 2225 uostris
380 2164 512 2246 partibus
537 2164 601 2226 dari
618 2163 766 2240 solebant,
787 2175 817 2226 et
836 2165 923 2227 nobis
941 2183 1060 2246 qnoque
1078 2163 1357 2244 successoribusque

250 2260 359 2320 nostris
383 2258 516 2320 similiter
547 2257 610 2320 dari
631 2261 781 2334 uolumusq
804 2258 849 2319 bis
873 2257 1019 2340 exceptis,
1045 2257 1139 2318 metus
1163 2255 1292 2316 nohum
1317 2255 1357 2316 in

251 2343 467 2416 convocatione
485 2352 674 2437 Paganornm
693 2353 741 2414 vel
758 2351 966 2432 redemptione
984 2351 1177 2434 captiuorum,
1195 2349 1255 2410 sire
1272 2346 1357 2409 cius-

250 2445 317 2506 dem
336 2447 412 2510 sedis
431 2447 638 2526 supplemento
657 2444 836 2506 multimodis
854 2444 993 2525 perieulis
1012 2444 1207 2519 circumdato,
1226 2443 1274 2506 tel
1293 2442 1353 2504 lbi·

251 2539 317 2600 dem
336 2539 407 2600 Deo
423 2537 610 2600 militantium
629 2538 747 2616 solatio,
766 2538 806 2600 ob
827 2561 957 2602 amorem
976 2537 1035 2600 Dei
1055 2547 1085 2598 et
1095 2537 1175 2599 besti
1184 2537 1259 2599 Sinti
1277 2557 1353 2598 con-
1441 2566 1445 2600 ι

249 2632 415 2694 fessoris'
387 2653 449 2694 erus
468 2643 614 2714 perpetuo
635 2632 810 2716 delegamus.
855 2633 914 2694 lles
937 2633 1038 2712 itaque
1057 2626 1207 2712 praelatae
1225 2631 1302 2692 sedis
1322 2641 1353 2692 et

134 2759 136 2764 ·
248 2726 307 2786 iam
336 2721 414 2788 dicti
436 2725 608 2788 monasterii
630 2725 684 2789 sub
709 2724 876 2806 plenissima
907 2725 1080 2786 defensione
1107 2736 1138 2786 et
1162 2725 1352 2786 immunitatis

162 2869 164 2877 ,
248 2819 375 2882 tuitione
393 2819 528 2882 volumus
547 2829 580 2878 ut
600 2817 761 2880 consistant
779 2837 813 2878 ιι
831 2827 985 2894 tueantur,
1009 2819 1050 2880 ita
1069 2820 1165 2882 nullos
1184 2820 1276 2884 ludex
1293 2838 1351 2900 pu-

249 2909 344 2974 blicus
369 2925 417 2974 aut
441 2914 497 2974 alia
524 2910 656 2994 qualibet
680 2923 827 2994 potestate
843 2909 969 2993 publica
998 2914 1131 2994 praedita
1159 2931 1288 2995 persona
1312 2913 1350 2974 de

250 3023 353 3068 eorum
372 3005 476 3084 rebus,
495 3007 595 3082 freda,
614 3004 738 3082 tribute,
758 3005 1003 3083 mansionaticos,
1022 3007 1069 3068 vel
1088 3019 1216 3088 paratus,
1234 3019 1284 3068 aet
1301 3019 1350 3070 te-

248 3098 380 3178 loneum,
399 3103 447 3163 vel
466 3101 650 3162 fideiussores
669 3098 793 3174 tollere,
817 3111 868 3160 eut
892 3099 1025 3161 homines
1051 3101 1181 3180 ipserum
1200 3113 1261 3160 tem
1280 3099 1350 3162 litos

248 3215 336 3276 quam
356 3205 387 3257 et
405 3195 552 3278 ingenuos
571 3204 788 3275 superterram
808 3212 911 3252 corum
925 3205 1076 3255 manentes
1087 3194 1274 3278 distringere,
1292 3213 1349 3256 nee

246 3287 319 3354 ullas
339 3287 470 3368 publices
490 3287 658 3350 functiones
678 3297 728 3348 aut
745 3284 959 3348 redhibitiones
977 3287 1025 3349 vel
1043 3287 1158 3358 illicitas
1178 3289 1349 3351 occasiones

246 3381 398 3457 requirere
416 3381 466 3441 rel
485 3383 602 3466 exigere
621 3392 794 3464 praesumet.
830 3381 891 3442 Sed
909 3381 998 3442 licent
1016 3382 1167 3463 praedicto
1186 3381 1348 3446 venerabili

246 3469 397 3550 Episcopo
416 3472 534 3551 suisque
553 3477 778 3550 successoribus,
797 3495 831 3536 sc
850 3476 932 3536 omni
950 3475 1031 3536 clero
1044 3476 1098 3536 sub
1112 3477 1281 3538 eorumdem
1298 3495 1347 3536 rc·
1444 3478 1448 3539 ι

247 3561 358 3646 gimine
378 3563 556 3642 constituto,
588 3567 685 3646 quiete
705 3567 736 3626 in
755 3567 815 3629 Dei
834 3569 952 3632 servitio
978 3569 1102 3652 degere,
1123 3580 1154 3628 et
1176 3589 1233 3650 pro
1260 3566 1346 3629 nobis

244 3655 392 3738 proleque
411 3660 512 3719 nostra
532 3671 620 3740 atque
637 3669 716 3720 statu
733 3661 853 3721 totius'
842 3663 959 3744 emperie
951 3661 1100 3724 “divinam
1116 3662 1346 3724 misericordiam

245 3767 375 3813 exorare.
413 3753 454 3812 Et
477 3763 511 3814 ut
536 3752 607 3814 baec
631 3753 787 3816 auctoritas
811 3755 856 3816 sui
878 3755 988 3852 rigoris
1012 3765 1185 3838 perpetuam
1212 3756 1347 3818 obtineat

245 3844 423 3922 firmitatem,
442 3849 530 3908 mlmn
550 3847 670 3958 propria
690 3847 792 3910 subter
814 3869 877 3911 eum
895 3837 1083 3929 firmavimus,
1102 3861 1133 3913 et
1150 3850 1232 3911 anuli
1251 3849 1346 3912 nostri

244 3933 441 4022 impressione
459 3942 576 4024 signare
595 3943 1262 4004 iussimus·

300 4031 424 4130 Signum
445 4034 603 4098 llludovici
610 4037 743 4120 piissimr
734 4035 960 4118 'Imperatoris

299 4119 523 4188 Idimiemosus
541 4131 679 4191 Notarius
698 4131 781 4191 ad
754 4152 848 4196 urcem
869 4127 1035 4192 Theodectis
1052 4133 1237 4244 recognovit.

300 4219 379 4282 Data
399 4222 468 4282 Idus
487 4223 573 4298 Maii,
599 4243 678 4283 enno
705 4222 824 4286 Christo
843 4223 975 4306 propitio
994 4225 1094 4287 XXI
1083 4228 1200 4309 rmpcrir
1192 4227 1342 4290 Domini
1440 4297 1444 4323 Ι

244 4289 462 4376 llludouici
420 4316 540 4396 pussimr
531 4316 695 4400 Augusti,
713 4317 881 4382 Indictionc
902 4319 1084 4382 duodecima

1440 4025 1445 4135 i

1440 4160 1445 4208 ι

1439 4328 1444 4387 i

301 4403 408 4467 Actum
423 4408 602 4494 Aquisgrani
617 4409 728 4492 palatro
737 4430 822 4494 regro
840 4413 941 4475 rnDes
950 4435 1072 4478 nomme
1081 4413 1216 4491 lebenter
1236 4417 1342 4480 Ameri.
1438 4491 1442 4515 Ι
