2890 5092
731 365 852 498 ⁸191
928 447 939 462 ·

170 717 172 722 ·
262 671 520 748 Ppltnphtum
536 661 766 724 nunciatum
782 656 889 714 llllne
906 655 1049 714 lel
1072 652 1181 720 rests
1197 665 1306 720 quae
1326 650 1380 704 ln

205 821 207 828 ,
317 757 439 818 lut·
450 758 544 810 matu
561 753 633 820 est,
652 745 811 818 quondo
828 741 907 798 sibl
924 753 1013 795 eam
1030 739 1118 810 lpse
1135 735 1310 804 subegit

412 857 478 917 Hoc
498 851 639 914 tumulata
658 849 734 909 iacet
753 844 858 926 pusilla
878 839 1005 924 puellula
1025 839 1125 914 busto,

459 945 604 1006 Adhelai'cl
626 960 710 1002 amne
731 959 813 1000 sacro
835 957 909 1016 quae
929 931 1056 994 vocitata
1078 929 1141 990 luit.

410 1041 488 1099 Huic
507 1051 587 1098 sator
608 1047 651 1094 est
668 1031 803 1106 Karolus‚
824 1028 943 1112 gemino
965 1025 1128 1084 diademate
1148 1021 1274 1103 pollens,

458 1129 573 1191 Nobilis
593 1127 727 1210 ingenio,
747 1124 831 1185 sortis
852 1123 888 1183 ad
908 1140 987 1181 arma
1007 1117 1085 1178 satis.

411 1225 560 1284 Sumserat
579 1222 652 1282 haec
672 1229 769 1279 ortum
789 1237 885 1298 prope
904 1211 1023 1274 moenia
1043 1209 1119 1270 celsa
1139 1207 1260 1288 Papiae,

460 1318 535 1378 Cum
556 1323 675 1396 caperet
695 1310 814 1394 genitor
833 1308 907 1372 Itala
925 1327 1017 1388 regna
1036 1315 1158 1384 poteus;

409 1411 470 1496 Sed
489 1409 666 1472 Rhodanum
686 1423 848 1485 properans
867 1413 951 1482 rapta
972 1409 1017 1459 est
1035 1397 1071 1458 de
1092 1395 1192 1456 limine
1211 1394 1304 1468 ritae,

436 1493 439 1502 ’
458 1503 579 1580 Ictaque
599 1511 667 1558 sunt
685 1496 784 1558 matris
805 1495 895 1556 corda
915 1492 1020 1554 dolore
1039 1490 1154 1571 procul.

383 1606 388 1618 “
408 1593 539 1658 Excessit
557 1590 668 1674 patrios
687 1609 749 1650 non
769 1597 963 1668 conspectura
982 1584 1159 1664 triumphos:

448 1689 546 1748 'Nunc
566 1684 658 1765 patris
678 1681 791 1742 aeterni
810 1701 902 1762 regna
922 1677 1009 1739 beata
1032 1687 1123 1738 tenet

343 1923 599 2000 uptupntum
615 1901 870 1988 nunctum
885 1913 993 1972 fllloe
1009 1914 1126 1970 autu!
1140 1926 1279 1984 supa-n·

407 2023 580 2106 llildegard,
601 2021 699 2102 rapuit
717 2019 815 2082 subito
836 2027 866 2078 te
887 2017 972 2078 funus
993 2015 1141 2090 acerbum,

460 2118 525 2180 Ceu
544 2126 641 2197 raptat
659 2115 770 2176 Boreas
788 2132 857 2175 vere
878 2109 1000 2193 ligustra
1020 2129 1108 2170 novo.
1143 2124 1146 2138 ·

407 2209 543 2292 Explevit
561 2209 687 2270 necdum
706 2207 782 2270 vitae
802 2204 858 2265 tibi
878 2203 1002 2264 circulus
1023 2223 1142 2278 annum,

361 2331 376 2360 υ
456 2305 564 2366 Annua
583 2323 639 2363 nec
657 2301 740 2364 venit
759 2299 807 2358 lun
826 2297 974 2380 geminata
997 2295 1060 2355 tibi.

408 2399 533 2461 Parvula
544 2415 615 2480 'non
635 2413 754 2474 parcum
774 2389 882 2471 linquis
900 2389 1070 2472 virguncula
1091 2388 1208 2464 luctum,

459 2488 643 2553 Coniodiens
662 2483 759 2544 iaculo
779 2483 861 2566 regie
880 2484 970 2544 corda
990 2481 1088 2562 patris.

406 2583 508 2648 Matris
526 2579 637 2641 habens
657 2597 766 2638 nomen
785 2597 909 2640 renovas
929 2577 965 2636 de
985 2584 1081 2634 morte
1101 2573 1245 2649 dolorem,

457 2675 617 2752 Postquam
637 2671 730 2733 vixisti
750 2671 795 2734 vix
815 2669 1005 2750 quadraginta
1027 2668 1097 2731 dies.

406 2770 533 2830 Pectore
552 2785 608 2824 nos
627 2775 738 2824 maesto
759 2762 940 2822 lacrimarum
960 2759 1106 2824 fundimus
1126 2780 1240 2836 amnes,

457 2853 506 2918 Tri
526 2856 647 2917 nimium
667 2853 737 2917 felix
756 2854 861 2938 gaudia
881 2853 972 2937 longa
992 2855 1076 2936 petis.
1172 2901 1176 2908 .

708 3043 905 3052 ...μ-...-

734 3207 876 3276 uxvn.
920 3192 925 3205 “

653 3335 958 3416 Fragmentum

327 3430 530 3487 var-mm·
556 3423 765 3485 {theodulfi
781 3425 966 3496 uniscunt
986 3401 1288 3486 Aur-eltnensis

631 3516 664 3565 acl
692 3512 815 3565 Cerolum
841 3512 983 3580 Regm').

381 3671 383 3682 ¹
408 3646 584 3709 Circumdct.
603 3645 757 3726 pulchrum
777 3643 876 3724 proles
896 3646 1041 3708 carissima
1059 3645 1188 3728 Regem3

457 3737 603 3800 Omnibus
624 3739 759 3814 emineat,
780 3737 834 3797 Sol
853 3751 886 3798 ut
905 3739 936 3798 in
956 3761 1023 3800 arce
1042 3740 1127 3802 solet.

406 3831 484 3894 Hine
503 3835 620 3894 adstent
640 3834 735 3914 pueri,
754 3831 942 3894 circumstent
962 3833 1031 3895 inde
1051 3815 1181 3914 puellae}

453 3925 549 3986 Vinea
569 3925 707 3988 laetificet
726 3925 826 4005 sicque
846 3927 962 3988 novella
982 3933 1104 4008 patrem.

402 4015 491 4077 Steut
503 4015 627 4080 Karolus
639 4016 877 4098 Hludowichque
888 4019 983 4096 simul,
995 4041 1120 4103 quorurn¹
1129 4040 1203 4082 unus
1214 4019 1353 4101 ephebus,

453 4110 517 4200 Iam
536 4111 618 4172 vehit
637 4111 754 4174 alterius
775 4133 808 4174 os
827 4111 954 4184 iuvenile
976 4113 1078 4174 decus:

253 4245 451 4258 ἠ--ιι-

184 4333 188 4340 “
294 4335 314 4386 ¹)
330 4334 406 4380 curm.
422 4335 467 4392 ΙΙΙ,
482 4340 504 4384 1.
533 4333 594 4393 opp.
609 4335 676 4378 varia
690 4335 861 4397 sternendi,
876 4341 957 4388 vola.
972 4340 1125 4398 Bouquet,
1139 4340 1168 4395 V,
1179 4353 1204 4399 p.
1219 4341 1263 4384 417
1276 4339 1346 4398 rotgo.

253 4399 332 4460 Vargl.
346 4401 392 4444 don
406 4401 559 4447 Kommentar
570 4415 599 4447 au
614 4402 677 4460 llep.
697 4401 782 4452 xvm.
