2908 5094
767 418 856 504 [1⁸

261 613 334 658 nere
352 593 465 676 positus
485 591 516 652 in
535 589 733 652 tabernaculis
753 599 784 650 et
801 577 909 650 mensis
928 586 1053 669 lapideis
1072 584 1110 648 ab
1121 583 1276 667 Episcopo
1296 605 1381 647 con-

262 687 392 764 secratis,
409 685 512 748 Missas
531 683 683 746 celebrare
694 693 869 764 praesumat
899 681 992 758 Quod
1003 681 1027 742 si
1043 681 1285 762 praesumpserit,
1304 700 1381 762 gra-

263 781 317 844 dus
335 781 379 844 sui
397 779 533 862 periculo
552 774 724 840 subiacebit

319 874 385 936 XV.
424 871 600 934 Sacerdotes
620 871 672 950 qui
690 869 747 930 rite
767 889 830 930 non
849 867 966 948 sapiunt
990 868 1152 950 adimplere
1171 867 1380 928 ministerium

264 987 365 1042 snum,
387 985 445 1028 nec
468 965 581 1027 discere
606 964 683 1024 iuxta
709 972 901 1044 praeceptum
925 961 1149 1043 Episcoporum
1177 981 1299 1022 suorum
1321 979 1384 1040 pro

148 1091 152 1108 ι
263 1059 375 1122 viribus
399 1069 551 1142 satagunt,
568 1057 615 1120 vel
639 1066 861 1136 contemptores
882 1075 1030 1116 canonum
1050 1055 1193 1129 existunt,
1211 1051 1250 1114 ab
1271 1051 1382 1114 officio

263 1151 389 1234 proprio
400 1162 468 1212 sunt
477 1150 670 1213 submovendi
684 1169 837 1230 quousque
849 1149 922 1210 baec
932 1149 1061 1231 pleniter
1071 1147 1226 1209 emendata
1236 1145 1383 1207 babeant.

278 1274 282 1284 ·
326 1244 409 1306 XVI.
449 1243 628 1324 Quicunque
648 1255 745 1304 autem
765 1263 782 1302 a
801 1262 854 1304 suo
874 1241 1026 1324 Episcopo
1048 1241 1221 1322 frequenter
1239 1239 1381 1302 admoni-

266 1350 314 1400 tus
334 1339 441 1400 desua
460 1337 596 1412 scientia,
623 1347 656 1396 ut
681 1335 794 1398 discere
813 1347 912 1412 curet,
943 1335 1044 1398 lacere
1063 1334 1244 1417 neglexerit,
1269 1333 1381 1414 procul

266 1430 359 1494 dubio
378 1441 409 1494 et
425 1430 463 1492 ab
484 1430 585 1492 officio
605 1439 808 1505 removeatur,
827 1438 858 1488 et
875 1429 1038 1490 Ecclesiam
1059 1449 1146 1509 quam
1165 1439 1265 1505 tenet,
1292 1427 1379 1488 amit-

265 1534 328 1598 tate
343 1523 412 1606 quia
430 1523 603 1607 ignorantes
621 1522 719 1606 legem
737 1521 798 1584 Dei
823 1541 887 1583 eam
911 1521 975 1584 aliis
999 1522 1174 1584 annuntiare
1201 1534 1233 1583 et
1256 1521 1380 1602 praedi-

266 1637 335 1678 care
354 1638 418 1679 non
437 1628 570 1698 possunt.
855 1640 861 1651 ·

321 1710 421 1772 XVII.
459 1710 503 1772 Ut
521 1709 619 1772 nullus
638 1709 730 1771 Iudex
748 1727 848 1790 neque
866 1705 1076 1790 Presbyterum
1095 1729 1195 1790 neque
1208 1709 1379 1781 Diaconum

266 1813 318 1864 aut
337 1802 497 1879 Clericum,
517 1813 567 1864 aut
581 1802 734 1864 Iuniorem
753 1800 916 1876 Ecclesiae,
935 1812 1014 1862 extra
1035 1803 1250 1864 conscientiam
1269 1800 1380 1863 Ponti-

265 1893 330 1957 ficis
349 1915 454 1978 perse
474 1895 615 1980 distingat
633 1907 684 1956 aut
703 1896 900 1957 condemnare
925 1907 1100 1976 praesumat
1147 1897 1240 1972 Quod
1267 1897 1294 1958 si
1315 1894 1378 1974 quis

266 1985 325 2048 boc
345 1988 459 2066 fecerit,
479 1988 516 2050 ab
536 1989 668 2051 Ecclesia
689 1988 736 2050 cui
755 1987 890 2048 iniuriam
910 1987 1051 2072 inrogare
1078 1991 1278 2072 dignoscitur,
1302 2001 1379 2050 tam·

251 2079 320 2145 ,diu
338 2081 377 2142 eit
395 2093 591 2164 sequestratus
611 2081 750 2163 quamdiu
767 2093 881 2142 reatum
899 2101 985 2143 suum
1005 2095 1168 2165 cognoscat
1188 2095 1218 2144 et
1229 2084 1380 2144 emendet.

323 2173 438 2234 XVIII.
476 2175 520 2236 Ut
544 2175 641 2238 nullus
660 2165 880 2256 Episcopo'rum
905 2173 955 2238 vel
976 2174 1158 2238 Secularium
1177 2175 1380 2255 cuiuscunque

230 2329 233 2336 ,
269 2265 389 2329 alterius
408 2268 552 2351 Episcopi
571 2268 632 2350 sive
655 2267 806 2330 Ecclesiae
829 2267 890 2330 sive
909 2266 1022 2329 Privati
1038 2265 1112 2347 'res‚
1142 2281 1191 2332 ant
1212 2287 1380 2350 regnorum

270 2357 415 2422 divisione
434 2373 485 2423 aut
503 2361 719 2442 provinciarum
739 2361 984 2440 sequestratione,
1004 2375 1175 2445 competere
1187 2360 1379 2424 eatretinere

268 2465 443 2530 praesumat.
483 2455 576 2529 Quod
600 2455 624 2516 si
649 2454 714 2532 quis
739 2454 798 2514 lroc
821 2453 919 2516 lacere
938 2457 1115 2534 tentaverit,
1143 2455 1255 2518 tamdiu
1278 2454 1319 2516 sit
1343 2453 1377 2513 ab

270 2543 404 2606 omnium
428 2546 550 2607 caritate
583 2561 755 2627 suspensus,
791 2559 869 2610 et'a
899 2551 1115 2632 communionis
1146 2549 1241 2634 gratia
1271 2567 1378 2628 seque-

271 2647 393 2714 stratus,
436 2639 629 2720 quoadusque
659 2661 707 2703 res
743 2641 854 2703 ablatas
889 2657 956 2704 eum
991 2645 1139 2706 fructuum
1177 2642 1377 2707 satisfactione

270 2730 415 2792 restituat

726 2995 913 3072 XXXVII.

615 3118 645 3176 (t
661 3133 687 3176 o
703 3137 733 3178 ιι
749 3135 771 3182 rs
787 3127 805 3179 t
820 3123 837 3179 t
852 3128 871 3180 t
886 3137 917 3179 ιι
932 3127 950 3180 t
966 3124 983 3180 l
998 3139 1025 3182 o

359 3219 392 3272 ds
408 3217 502 3274 scholis
519 3239 567 3290 per
593 3219 692 3290 singula
708 3223 850 3296 Episcopia
869 3240 895 3279 et
909 3226 1068 3280 Monmteria
1085 3226 1292 3296 instituendis¹).

329 3318 449 3397 llarlus,
477 3323 570 3405 gratia
595 3323 655 3385 Dei
680 3325 742 3386 Rex
766 3325 949 3389 Francorum
975 3339 1005 3394 et
1030 3327 1316 3411 Langobardorum,
1344 3345 1374 3384 ac

271 3409 417 3472 Patricius
435 3415 655 3495 Romanorum,
673 3419 822 3504 Baugullo
842 3419 954 3484 Abbati
978 3434 1009 3484 et
1034 3423 1116 3484 omni
1141 3417 1378 3504 congregationi,

273 3499 331 3560 tibi
349 3501 437 3563 etiarn
456 3508 615 3569 commissis
634 3511 770 3574 fidelibus
790 3514 958 3576 oratoribus
978 3516 1095 3591 nostris,
1114 3515 1146 3574 in
1166 3510 1377 3594 omnipotentis

274 3591 335 3652 Dei
353 3596 475 3658 nomine
494 3597 648 3661 amabilem
668 3602 823 3666 direximus
842 3605 982 3668 salutem'
1011 3609 1123 3669 Notum
1143 3607 1235 3691 igitur
1253 3606 1292 3667 sit
1311 3607 1376 3666 Deo

274 3684 400 3766 placitae
424 3690 589 3753 Deuotioni
617 3705 730 3758 vestrae
755 3697 822 3776 quia
846 3719 902 3761 nos
932 3721 989 3761 una
1021 3723 1085 3762 cum
1112 3700 1248 3762 fidelibus
1273 3697 1378 3760 nostris

274 3779 521 3847 consideravimus
540 3787 613 3850 utile
633 3807 696 3850 esse
715 3801 749 3849 ut
768 3790 917 3873 episcopia
938 3807 968 3856 et
979 3795 1158 3856 monasteria
1170 3794 1269 3869 nobis,
1290 3791 1376 3854 Chri-

274 3882 322 3933 sto
342 3875 486 3956 propitio‚
505 3880 542 3940 ad
561 3881 785 3962 gubernandum
805 3887 974 3964 commissa,
1004 3899 1122 3968 praeter
1140 3887 1284 3970 regularis
1303 3887 1376 3951 vitae

274 3965 410 4028 ordinem
429 3981 518 4050 atque
536 3987 654 4036 sanctae
672 3975 826 4060 religionis
851 3981 1120 4058 conversationem,
1146 3981 1233 4042 etiam
1253 3981 1286 4042 in
1313 3981 1375 4041 lite-

275 4081 374 4122 rarum
393 4063 649 4144 meditationibus,
678 4069 720 4130 eis
740 4071 792 4152 qui
811 4071 941 4134 donante
960 4073 1093 4135 Domino
1113 4075 1227 4136 discere
1246 4083 1376 4156 possunt,

252 4157 436 4218 ¹secundum
462 4157 688 4241 uniuscuiusque
713 4163 921 4245 capacitatem,
949 4165 1076 4228 docendi
1099 4167 1225 4228 studium
1251 4169 1375 4229 debeant

275 4259 475 4280 Μ·-

319 4303 342 4356 ¹)
366 4300 545 4368 Wallardl,
565 4327 590 4370 p.
605 4314 636 4358 62
656 4326 711 4372 eqqt
750 4314 916 4376 Sirmovadi,
940 4317 1028 4366 Goucil.
1050 4319 1113 4365 (dall.
1135 4320 1206 4366 Tom.
1225 4320 1258 4378 ll,
1281 4335 1306 4378 p,
1324 4320 1373 4362 121·

273 4365 440 4432 Matinum,
453 4376 541 4428 Amal.
559 4378 628 4426 Tun.
641 4379 674 4438 ll,
692 4382 719 4432 Ιι.
731 4381 810 4440 XXV,
823 4385 850 4433 (l.
868 4389 907 4443 64,
920 4401 944 4443 p.
957 4391 1009 4433 278.
1035 4386 1186 4443 Eordaia,
1201 4385 1290 4433 Concil.
1306 4385 1372 4430 Tou.

273 4433 319 4492 ΙΙΙ,
332 4450 358 4493 ιι.
371 4441 437 4489 2024.
463 4445 511 4490 dus
528 4447 581 4492 dem
594 4447 668 4493 Jabre
682 4453 738 4506 787,
760 4449 953 4496 wabracbeinlieb
965 4467 1013 4498 von
1025 4453 1085 4500 llsrl
1098 4455 1170 4499 selbot
1179 4455 1336 4514 gorohrielten.
